2932 4700
252 355 296 435 ro
615 352 739 422 mn.
762 353 929 450 ruumo

251 525 306 614 qui
321 528 339 590 ι
355 525 478 594 Grecis
492 525 591 612 Σοφοὶ,
616 528 779 614 Sapientes
800 531 819 590 ι
840 526 967 606 uostris,
992 535 1025 590 ct
1046 515 1241 593 habebantur
1261 539 1303 608 et

251 637 501 720 nominabantur,
514 648 547 702 et
557 637 667 702 multis
680 644 752 704 ante
764 630 877 704 seculis
887 639 1079 724 Lycurgum,
1094 638 1198 733 (cujus
1211 629 1301 706 tem·

252 750 380 836 poribus
399 752 558 816 Homerus
574 748 667 814 etiam
683 750 790 830 fuisse,
812 758 885 814 ante
903 750 985 812 hane
1000 737 1109 832 urbem
1124 747 1302 832 conditam,
1350 815 1355 820 ,

254 859 409 952 traditus)
419 859 521 942 *etiam
535 859 670 924 heroreis
685 859 831 924 aetatibus
848 851 994 944 Ulyssem
1012 869 1045 922 et
1058 851 1227 932 Nestorem
1242 849 1303 923 uc'-
1327 887 1328 892 ¹

252 969 392 1053 cepimus
407 977 441 1032 et
454 968 550 1032 luisse
565 978 598 1032 ct
613 969 735 1033 habitos
750 990 819 1033 esse
835 970 1012 1056 Sapientes.
1079 1051 1081 1056 ,

293 1180 363 1249 Nec
377 1181 451 1246 verb
466 1181 557 1248 Atlas
572 1181 729 1249 sustinere
744 1183 875 1262 coelum,
891 1203 949 1248 nec
965 1179 1172 1247 Prometheus
1183 1183 1299 1247 auarus

209 1345 210 1348 ,
251 1292 402 1373 Caucaso,
427 1313 485 1359 nec
510 1293 655 1362 stellatus
682 1292 827 1378 Cepheus
852 1311 925 1356 cum
946 1313 1055 1370 uxore,
1079 1312 1206 1375 genero,
1229 1291 1301 1364 filia

253 1404 436 1484 traderetur,
459 1402 521 1470 uisi
544 1401 725 1472 coelestium
750 1401 853 1467 diviua
881 1399 1021 1486 cognitio
1044 1421 1158 1464 rroruen
1185 1420 1300 1468 eorum

249 1515 288 1580 ad
304 1533 440 1595 errorem
454 1515 569 1580 fabruae
592 1511 791 1580 traduxisset.
835 1513 865 1576 A
891 1510 1006 1598 quibus
1033 1508 1119 1574 ducti
1145 1507 1298 1594 deinceps

251 1647 376 1708 omnes,
398 1625 453 1708 qui
469 1624 501 1688 iu
522 1643 626 1688 rerum
642 1621 910 1706 contemplatione
926 1619 1028 1686 studia
1043 1621 1211 1704 ponebant,
1235 1620 1299 1684 Sa-

249 1733 373 1816 pientes
389 1730 628 1822 etlrabebantur
643 1731 939 1826 etquominabautur.

187 2005 191 2014 .
267 1943 391 2028 {quue
407 1903 514 2006 eorum
530 1909 646 2004 omnen
668 1909 826 2028 usquead
850 1939 1036 2026 Pythagorae
1058 1942 1300 2028 marruvitaeta-

250 2063 332 2130 tem:
356 2073 449 2140 quern
478 2054 528 2134 (ut
542 2049 651 2141 scribit
674 2051 797 2114 auditor
817 2049 959 2138 Platonis
977 2049 1128 2116 Ponticus
1146 2053 1298 2118 Heracli.-

198 2186 201 2190 ·
246 2169 312 2246 des,
335 2163 382 2227 vir
397 2161 533 2228 doctus
524 2129 703 2246 inprimis)
727 2131 945 2225 Phliunteml
943 2163 1187 2244 eruntvenissc,
1202 2187 1297 2227 eum·
1316 2234 1319 2238 A

249 2298 322 2364 que
319 2297 404 2360 curu
428 2273 562 2358 Leonte,
585 2271 727 2360 principe
751 2271 974 2352 Phliasiorum,
996 2273 1089 2338 docte
1110 2284 1143 2338 et
1164 2275 1299 2362 copiose

247 2384 431 2478 disseruisse
441 2385 600 2476 quaedam
645 2373 775 2470 Cujus'
766 2381 927 2466 ingenium
942 2393 976 2448 ct
990 2377 1201 2470 eloquentiam
1217 2389 1298 2488 curu
1391 2395 1400 2410 ·

246 2470 416 2586 admiratus
431 2493 631 2572 ceretheos,
653 2492 834 2578 quaesivisse
856 2516 897 2560 ex
917 2516 967 2574 eo,
991 2501 1054 2619 qul
1073 2497 1207 2568 maxime
1223 2481 1296 2579 arte

247 2579 502 2676 confidereth
505 2603 643 2682 tillum,
667 2612 766 2668 artem
781 2585 907 2688 quidem
923 2627 957 2668 se
981 2605 1060 2669 scire
1082 2583 1213 2688 nullam,
1237 2607 1299 2675 sed

138 2792 140 2796 .
246 2740 316 2784 esse
344 2709 583 2798 Philosophum.
631 2713 829 2778 admiratum
854 2717 1009 2782 Leontem
1036 2717 1207 2782 novitatem
1232 2740 1297 2784 no-

246 2825 354 2924 minis,
375 2827 538 2912 quesisse,
557 2825 685 2918 quinam
705 2835 811 2892 essent
835 2825 1034 2914 Philosophi,
1059 2838 1100 2896 et
1116 2827 1218 2916 quid
1210 2839 1297 2909 mter

246 2961 309 3008 eos
316 2948 348 3004 et
363 2937 502 3022 reliquos
518 2937 703 3031 interesset?
711 2936 938 3032 Pythagoram
956 2949 1061 3006 autem
1082 2925 1295 3030 respondisse,

241 3019 381 3144 similem
412 3047 472 3139 sihi
500 3023 598 3132 videri
623 3047 720 3120 vitum
747 3048 931 3130 hominum,
950 3058 984 3114 et
1009 3031 1181 3132 mercatum
1205 3072 1297 3136 eum,

245 3162 301 3250 qui
323 3145 452 3236 haberet
439 3171 490 3255 utr
513 3158 660 3244 rnauimo
677 3158 823 3236 ludorum
850 3168 1022 3254 apparatu
1029 3159 1129 3230 totius
1156 3158 1295 3244 Graecis}

245 3273 375 3355 celebrit
363 3283 437 3340 tute.
468 3273 565 3354 Nam
579 3278 616 3334 ut
630 3267 695 3362 illic
709 3267 771 3340 alii
786 3269 970 3354 corporibus
994 3269 1171 3352 exercitatis
1191 3268 1294 3354 glori-

244 3407 308 3466 am,
332 3392 365 3448 et
386 3373 585 3446 nobilitatem
606 3399 732 3448 corome
746 3387 912 3464 peterent3
937 3378 989 3444 alii
1005 3379 1128 3466 emendi
1137 3389 1296 3470 autres
1309 3459 1312 3464 ἡ

246 3491 337 3558 ιιιιιιιι
352 3500 478 3578 quaestu
493 3501 525 3556 ct
547 3493 636 3553 lucro
659 3489 870 3570 ducerentur;
898 3498 984 3552 esset
1003 3498 1114 3588 autem
1133 3487 1297 3590 quoddam

244 3623 344 3688 genus
368 3623 489 3678 eorum,
516 3599 609 3686 idque
629 3600 678 3662 vel
693 3599 858 3664 maxime
849 3621 1032 3696 ingenuum,
1055 3601 1109 3686 qui
1125 3623 1183 3664 ncc
1196 3601 1291 3684 plau-

246 3735 319 3780 sum
344 3734 402 3792 nec
426 3714 550 3776 lucrum
574 3719 764 3796 quererent,
791 3709 847 3782 sed
870 3710 992 3776 visendi
1019 3715 1113 3776 causa
1136 3711 1293 3790 venirent,

244 3823 448 3945 studioseque
462 3818 674 3908 perspicerent
688 3819 764 3905 quid
777 3828 883 3903 ageret
884 3842 931 3899 ur,
947 3831 980 3885 et
995 3844 1058 3907 quo
1073 3822 1187 3886 modo:
1212 3821 1293 3886 item

245 3960 315 4016 nos,
331 3930 420 4020 qu'asi
433 3930 465 3992 in
490 3933 643 4000 mercatus
664 3927 798 4018 quadam
813 3929 993 4000 celebritate
1016 3951 1056 3992 ex
1081 3931 1157 3994 urbe
1172 3930 1293 4014 aliqua,

246 4045 290 4114 sic
316 4043 348 4118 in
374 4043 453 4114 huuc
477 4039 572 4108 vitam
595 4061 634 4106 ex
654 4039 714 4128 alil
735 4039 801 4116 uite
825 4049 857 4118 et
876 4045 987 4114 natura
1007 4043 1185 4126 prol'3ectos
1207 4043 1290 4148 ulios
