2932 4700
281 319 326 412 78
434 369 437 376 ·
642 319 766 394 ΗΜ.
786 319 953 396 mismo

324 503 376 568 An
389 499 525 586 Scythes
544 497 730 565 Anaebursis
749 495 855 585 potuit
873 521 933 585 pro
956 487 1057 564 nihilo
1079 499 1243 584 pecuniem
1258 502 1328 568 du·

280 623 372 692 oere'3
397 619 552 682 nostrates
576 607 760 694 Philosophi
783 631 847 676 non
870 613 1044 694 poterunt?
1073 609 1163 675 lllius
1186 595 1328 698 epistola

281 724 383 788 fertur
403 721 451 788 bis
476 719 597 786 verbis:
625 719 849 788 “Anacharsis
871 721 1023 787 Hannoni
1048 724 1193 789 salutern.
1235 707 1327 792 Mihi

283 831 452 898 “unietur
481 839 530 896 est
558 829 742 915 Seythioum
772 838 919 914 tegmenr
947 831 1204 914 calceamentum,
1234 831 1326 898 solo'·

282 946 306 986 “
319 965 390 1010 rum
404 943 539 1008 uallum:
561 939 677 1020 eubile,
692 949 793 1012 terror
816 943 1068 1026 pulpamentum,
1082 943 1180 1009 fames
1194 967 1203 1007 r
1216 945 1325 1026 laete,
1450 977 1451 1028 p

282 1059 305 1094 ‘⁶
318 1071 529 1133 causamme
542 1069 660 1118 vescor.
703 1049 809 1120 Quare
823 1060 860 1116 ut
878 1051 919 1116 sd
938 1052 1080 1137 quietum
1102 1075 1154 1118 me
1178 1033 1251 1119 lieet
1264 1079 1326 1120 ve.

280 1167 304 1207 “
316 1163 396 1236 nius.
439 1162 574 1230 Munera
587 1171 693 1226 autem
713 1161 785 1242 ista,
808 1161 920 1247 quibus
942 1185 976 1227 es
998 1164 1182 1252 delectatus,
1202 1167 1252 1230 vel
1268 1167 1321 1231 ei-

281 1278 305 1313 “
317 1274 407 1340 vibus
433 1271 509 1353 tuis,
533 1274 583 1338 rel
603 1271 675 1336 Diis
696 1272 925 1338 immortalibus
949 1273 1063 1362 donu.”
1108 1279 1226 1342 Omnes
1252 1269 1324 1345 iere

280 1382 465 1470 Philosophi
488 1383 630 1450 omnium
654 1382 900 1469 disciplinarum,
926 1385 986 1450 nisi
1012 1407 1094 1476 quos
1116 1393 1135 1454 b
1158 1394 1243 1454 lectt
1269 1413 1322 1455 re-
1451 1429 1452 1484 3

280 1497 368 1564 tione
383 1505 494 1562 natura
509 1493 619 1558 vitiosa
633 1494 827 1574 detorsisset,
851 1495 913 1560 hoe
927 1496 1036 1561 eodem
1051 1497 1156 1562 animo
1176 1521 1247 1562 esse
1260 1521 1324 1586 po·
1364 1505 1367 1510 '

278 1615 420 1674 tuerent.

323 1788 480 1898 Sossios,
495 1815 527 1880 in
540 1819 656 1902 pompl
670 1818 744 1880 eum
758 1837 871 1901 magna
880 1817 1009 1884 visauri
1025 1817 1208 1904 argentique
1222 1820 1323 1883 ferre-

280 1935 344 2010 tur,
364 1926 469 1995 Quum
483 1928 584 1991 multa
596 1947 660 1992 non
680 1926 841 1992 desidero!
867 1927 981 2013 inquit.
1024 1929 1324 2008 Xenocrates,·cbm

279 2035 375 2122 legati
381 2038 422 2100 ab
431 2031 609 2103 Alexandro
620 2036 846 2121 quinquaginta
856 2037 885 2100 ei
897 2039 1015 2100 talenta
1026 2035 1219 2116 attulissent,
1236 2038 1324 2122 (quse

279 2158 346 2211 erat
359 2147 492 2232 pecunia
505 2145 699 2234 temporibus
714 2147 788 2226 illis,
804 2145 936 2218 Athenis
948 2145 1135 2231 presertim,
1150 2145 1285 2213 maxims
1291 2145 1320 2229 ς)

278 2254 407 2320 adduxit
431 2258 553 2342 legatos
581 2255 621 2319 ad
646 2277 768 2321 eoenam
795 2256 827 2322 in
852 2256 1073 2321 Academiam:
1103 2256 1141 2322 iis
1170 2256 1324 2344 apposuit

274 2369 412 2448 renum,
433 2367 520 2454 quod
541 2367 617 2431 satis
642 2376 736 2447 esset,
757 2368 846 2430 nullo
866 2375 1025 2452 apparatu.
1068 2363 1152 2430 Cim
1166 2365 1323 2451 postridie
1453 2345 1454 2416 i

277 2490 521 2565 sugerent-erun,
536 2475 588 2542 eui
601 2476 757 2544 numerari
774 2473 919 2561 juberet3
942 2474 1053 2543 Quid?
1080 2497 1135 2538 vos
1158 2475 1322 2560 hemi,

277 2589 391 2675 inquit,
415 2589 538 2652 canuit
559 2605 624 2649 non
650 2584 861 2664 intellexistis,
887 2605 940 2648 me
957 2585 1092 2670 perunit
1115 2608 1180 2651 non
1203 2591 1321 2672 egere?

276 2699 367 2770 Quos
380 2698 455 2762 chrn
478 2694 632 2760 tristiores
646 2693 788 2774 vidisset,
812 2693 941 2778 triginta
954 2696 1053 2758 minos
1069 2691 1201 2780 aceepit,
1214 2717 1253 2760 ne
1266 2717 1321 2760 as-

275 2805 399 2896 pernari
412 2804 494 2890 regis
508 2803 726 2868 liberalitatmn
741 2801 907 2869 videretur.
1149 2787 1151 2794 ’
1236 2806 1239 2814 ’

316 2920 362 2984 At
384 2917 458 2980 verb
480 2913 641 2998 Diogenes
667 2914 805 2994 liberius,
828 2923 865 2978 ut
890 2913 1037 3000 Cynicus,
1062 2915 1239 2982 Alexandro
1264 2939 1320 2982 ro-

273 3027 373 3118 ganti,
387 3027 425 3092 ut
438 3023 566 3105 diceret,
581 3023 610 3088 si
629 3023 707 3110 quid
731 3025 791 3089 sibi
816 3045 897 3111 opus
920 3029 1027 3092 esset?
1051 3027 1177 3092 “Nune
1193 3029 1321 3114 quidem

273 3135 485 3228 paullulum,''
513 3133 628 3220 inquit,
655 3137 706 3198 “i
727 3135 796 3198 sole
820 3133 936 3222 obsis.”
992 3132 1150 3201 Offeeer'ot
1173 3135 1322 3204 videlicet

273 3243 433 3335 optimati.
475 3247 531 3312 Et·
544 3244 596 3310 hio
610 3243 736 3337 quidem
760 3243 917 3329 disputare
932 3246 1063 3325 solebat,
1079 3252 1197 3331 quanto
1211 3268 1319 3333 regem

274 3361 439 3436 Persarum
465 3356 537 3422 uitb'
552 3357 742 3440 iortuntque
766 3339 936 3439 superaret,
989 3353 1058 3419 Sibi
1080 3353 1160 3420 nihil
1182 3355 1318 3443 'deesseg

273 3470 320 3534 illi
333 3469 413 3534 nihil
428 3467 503 3532 satis
518 3487 655 3552 unquam
676 3465 757 3529 dore.
802 3465 844 3540 Se
869 3461 938 3552 ejus
953 3466 1133 3550 voluptates
1154 3487 1218 3534 non
1232 3465 1317 3534 desi,

273 3579 390 3659 derare,
406 3577 518 3664 quibus
532 3597 691 3662 nunquam
707 3573 812 3640 satiari
834 3575 888 3640 ille
913 3583 1021 3662 posset
1030 3599 1041 3658 3
1064 3597 1136 3644 suas
1152 3598 1223 3645 euru
1240 3585 1318 3649 eon-¹

274 3688 364 3778 sequi
378 3689 468 3754 nullo
482 3687 576 3752 modo
591 3707 694 3774 posse.
1248 3679 1251 3686 ’
