2852 4714
239 323 304 400 1111
374 279 381 294 ’
654 319 707 395 m
727 287 882 399 nvra'

239 497 335 590 quani
349 503 482 568 ludibrio
498 505 564 568 lore
584 503 771 584 munientes,
785 501 913 588 perditis
934 487 1037 582 iebus,
1057 525 1094 568 ac
1113 527 1170 590 spe
1193 508 1287 571 omni

238 614 397 701 adempti,
423 616 608 695 comebant5
639 621 754 693 tamen,
784 635 825 677 ne
853 614 977 698 culpam
1006 611 1097 678 malis
1119 615 1284 702 adderent,

135 807 136 812 ἵ
239 747 299 810 pro
313 747 348 792 se
362 727 505 814 quisque,
527 745 585 788 nec
607 723 755 788 hortante
775 717 844 787 ullo
864 743 922 786 nec
948 715 1132 810 imperante,
1155 723 1195 786 ad
1209 747 1285 788 mu-

239 830 390 902 niendum
415 831 508 914 versi,
537 842 639 896 castra
662 841 792 918 propter
819 852 930 918 aquam
956 831 1039 896 vallo
1067 833 1287 898 circumdant:

240 969 297 1012 sua
310 945 371 1031 ipsi
385 947 490 1030 opera,
505 945 707 1030 laboremque
729 929 852 1008 irritum
870 929 1089 1028 (preterquam
1104 929 1189 1029 qubd
1201 931 1286 1008 hos·

128 1111 131 1120 1
235 1064 283 1119 tes
308 1057 441 1140 superba
464 1054 675 1140 increpabant)
700 1076 773 1119 cum
795 1052 964 1152 miserabili
986 1054 1181 1118 confessione
1203 1055 1278 1119 elu-

240 1165 361 1228 dentes.
404 1163 456 1228 Ad
478 1165 625 1227 consules
651 1171 796 1245 moestos,
822 1186 862 1227 ne
885 1163 1070 1228 advocantes
1097 1163 1222 1251 quidem
1251 1165 1286 1230 in

239 1274 407 1340 consilium
439 1271 577 1360 (quaudo
602 1296 661 1338 nec
686 1273 818 1338 consilio
840 1296 899 1338 nec
922 1273 1039 1340 auxilio
1065 1277 1155 1340 locus
1180 1275 1283 1357 esset)

241 1391 300 1451 sut
327 1395 439 1472 sponte
469 1383 565 1470 legati
591 1406 626 1449 ac
655 1384 773 1449 tribuni
800 1385 1011 1449 conveniunt:
1039 1384 1217 1472 militesque
1249 1387 1285 1452 in

240 1497 425 1588 praetorium
440 1497 532 1576 versi,
548 1517 653 1582 opem,
669 1517 762 1581 quam
777 1495 829 1560 vix
844 1493 901 1560 Dii
921 1495 1115 1560 immortales
1130 1499 1210 1562 ferre
1222 1519 1285 1583 po-

241 1615 355 1687 terant,
369 1609 407 1672 ab
423 1604 555 1670 ducibus
570 1612 755 1690 exposcunt.

283 1809 459 1881 Quereutes
472 1809 570 1894 magis
586 1812 681 1896 quam
695 1813 912 1874 consultantes
927 1833 992 1876 nox
1004 1807 1169 1896 oppressit,
1182 1836 1283 1900 quum

240 1946 299 2009 pro
322 1922 448 2008 iugenio
467 1921 599 2008 quisque
620 1923 789 1986 fremerent
800 1945 810 2004 ς
837 1920 928 2004 alius,
948 1943 1004 2004 per
1024 1916 1124 1987 obicea'
1138 1927 1258 1991 viarum
1269 1953 1285 2004 ,-

241 2027 331 2112 altus,
344 2055 400 2116 per
421 2033 550 2096 adverso
571 2032 727 2109 montium,
739 2053 795 2113 per
808 2029 911 2112 silaus,
927 2033 988 2115 qud
996 2029 1078 2112 serni
1092 2055 1180 2098 amm
1191 2045 1284 2119 pote-

239 2153 320 2222 runt,
335 2164 449 2207 eamus.
495 2141 591 2206 Modo
611 2143 654 2206 od
675 2143 790 2206 hostem
807 2145 962 2226 pervenire
994 2144 1200 2232 tiaratorum
1226 2129 1291 2232 per'
1359 2185 1362 2191 ·

240 2268 338 2316 aanor
347 2249 420 2338 jam
438 2255 534 2336 prope
556 2251 682 2336 triginta
702 2252 868 2329 uincimusr
898 2233 999 2318 omnio
1022 2265 1108 2340 oeqno
1130 2279 1168 2322 oc
1185 2259 1288 2341 plano

241 2372 328 2428 anmi
358 2359 511 2442 Romano,
532 2362 565 2426 in
594 2361 743 2444 perfidum
777 2360 942 2428 Samnitem
970 2367 1143 2450 pugnanti:
1177 2371 1285 2453 Alius,

241 2475 319 2554 Quo,
332 2484 387 2539 ont
400 2469 605 2560 qnbenmmi
627 2472 710 2536 Num
729 2483 846 2536 montes
867 2473 965 2540 moliri
996 2478 1068 2542 aede
1097 2483 1154 2543 arnt
1179 2503 1280 2564 pora-

240 2581 335 2650 rnns?
361 2584 450 2648 Dum
471 2584 534 2646 brec
557 2584 748 2647 imminebunt
762 2584 858 2670 jugo,
882 2587 943 2672 qud
969 2598 1002 2651 tu
1026 2591 1069 2654 od
1092 2591 1206 2656 bostem
1230 2615 1286 2657 oe-

241 2692 643 2772 marmaritanorum,
656 2691 769 2774 sortes,
791 2695 905 2780 ignovi,
927 2697 1041 2778 puriter
1070 2721 1173 2763 omnes
1201 2701 1288 2783 capti

240 2803 414 2888 otqrteoioti
427 2823 539 2868 mmm.
586 2801 771 2884 Ne'jirrnm
796 2805 914 2888 quidem
936 2805 982 2870 od
1002 2804 1075 2870 bene
1099 2809 1289 2878 moriendum

240 2911 456 2980 obtetanum
471 2916 563 2980 bostis
571 2939 585 2992 ,·
601 2917 708 2980 sedans
722 2915 831 2980 bellum
843 2915 989 2998 conficiet.
1098 2912 1104 2921 ’

250 3175 255 3218 5
285 3125 348 3192 His
370 3124 507 3190 invicem
527 3125 737 3208 sermonibus,
766 3131 828 3213 qua
850 3127 923 3208 cibi,
946 3133 1010 3215 qut
1032 3131 1147 3216 quietis
1172 3133 1285 3199 imme-

242 3257 322 3314 mor,
337 3256 402 3298 nox
417 3233 558 3300 traducta
577 3245 636 3300 est.
679 3235 731 3302 Ne
753 3237 945 3304 Samnitibus
965 3240 1092 3326 quidem
1115 3243 1287 3310 consilium

220 3345 275 3410 'iu
290 3355 354 3408 tam
376 3345 458 3410 laetis
479 3348 665 3432 suppetebat
686 3351 790 3413 rebus.
834 3351 945 3438 ltaque
968 3353 1104 3418 universi
1123 3357 1287 3422 Herenni-

241 3477 296 3524 um
313 3453 474 3538 Pontium,
484 3469 607 3542 patrem
628 3459 835 3544 imperatoris,
858 3485 913 3546 per
933 3464 1040 3528 literas
1055 3467 1288 3534 consulendum

241 3575 382 3633 censent.
426 3567 541 3632 Jam'is
555 3569 657 3653 gravis
677 3569 777 3650 aunis,
801 3593 865 3636 non
888 3571 1074 3640 militaribus
1096 3577 1213 3660 solum,
1229 3579 1288 3644 sed

231 3677 385 3744 ¹ciuilibus
400 3698 538 3764 quoque,
553 3674 744 3744 abscesserat
758 3684 961 3766 munenbus3
985 3685 1018 3750 in
1032 3703 1162 3774 corpore
1178 3673 1287 3756 tamen

241 3791 354 3856 affecto
375 3783 501 3872 vigebat
521 3789 575 3853 vis'
589 3789 686 3854 animi
711 3793 908 3879 consiliique.
952 3796 984 3860 Is
1007 3797 1061 3862 ubi
1086 3801 1220 3888 accepit,
1247 3803 1288 3866 ad

241 3903 393 3968 Furculas
413 3897 569 3964 Caudinas
584 3900 665 3965 inter
684 3902 762 3966 duos
778 3906 878 3975 saltus
889 3909 1013 3984 clausos
1032 3932 1103 3974 esse
1125 3914 1286 3978 exercitus

240 4010 415 4094 Bostrenos,
441 4013 606 4080 consultus
628 4015 667 4077 ab
691 4013 807 4084 nuncio
833 4013 901 4099 lilii,
930 4019 1051 4086 censuit
1077 4042 1186 4090 omnes
1211 4023 1286 4092 inde
