2862 4710
286 324 355 433 iot·
688 358 917 430 ammona

291 543 394 602 ratam
417 555 505 607 esse:
533 535 618 623 quod
643 559 705 622 ego
727 540 797 602 med
819 534 977 602 sententid
1000 533 1177 602 censebam.
1222 537 1325 628 Atque

291 645 362 714 haec
376 669 437 734 ego
451 645 565 714 idcirco
579 645 617 712 ad
631 655 662 712 te
677 655 788 712 contra
798 645 1057 738 consuetudinem
1071 627 1325 744 mearu'pluribus

289 736 486 846 ,reripsi,'ut,
500 759 585 846 quod
608 757 745 824 maxime
767 758 851 840 volo,
872 757 1030 824 existimes
1053 757 1104 824 me
1127 753 1278 842 laborare,
1291 770 1326 823 ut

289 859 348 962 tilii
372 867 584 956 persuadeam,
609 890 660 934 me
683 878 725 934 et.
740 868 877 935 voluisse
900 867 939 934 de
965 873 1021 934 tud
1045 868 1223 961 majestate,
1246 869 1326 968 quod

291 974 520 1066 amplissimum
535 977 595 1044 sim
620 975 804 1060 arbitratusf,
827 987 860 1076 et
875 975 959 1065 quod
984 988 1021 1043 tu
1045 980 1195 1062 maluisti,
1210 983 1323 1046 factum

291 1105 360 1154 esse
374 1083 521 1174 gaudere.
564 1087 654 1169 Vale,
667 1096 701 1152 et
715 1109 772 1153 uos
787 1085 894 1174 dilige,
909 1099 941 1155 et
957 1073 1103 1188 instituto
1115 1091 1226 1157 itinere
1241 1113 1321 1156 seve-

277 1187 416 1268 ritatem
432 1197 687 1286 diligentiamque
702 1193 796 1264 sociis
810 1207 844 1262 et
857 1197 1039 1285 reipublicae
1052 1212 1181 1288 praesta.

702 1411 916 1462 Q
1042 1425 1046 1434 ’

289 1619 294 1628 -
411 1595 657 1662 aarum
672 1585 784 1662 aare.
798 1593 857 1660 vr.
877 1591 1036 1662 nunu.
1049 1591 1089 1658 aa
1102 1591 1211 1658 suu.

292 1753 440 1840 Exponit,
466 1755 577 1820 eaimid
604 1776 671 1820 eam
699 1753 823 1820 Catonis
853 1753 954 1836 laude,
979 1763 1124 1842 quantam
1140 1732 1321 1838 'uoluptatem

279 1875 282 1883 '
334 1866 443 1950 ceperit
466 1888 504 1932 ea
528 1865 593 1954 q‘us
616 1865 773 1948 sententio,
798 1876 829 1930 et
853 1888 891 1931 ea
919 1863 1126 1951 gratulatione
1152 1861 1318 1940 literarum:

330 1975 464 2064 alapa
484 1987 519 2041 a
543 1977 601 2042 aar
622 1977 653 2042 a
676 1977 868 2060 aarpnaenuo
893 1975 1042 2060 lampa
1064 1955 1187 2061 onear
1209 1974 1260 2054 a,
1274 1982 1319 2038 aar

285 2085 288 2090 '
311 2081 314 2088 ’
334 2087 453 2169 saitem,
466 2086 494 2153 ei
508 2087 705 2172 adipiscatur,
718 2089 865 2176 gaudeat.

495 2267 643 2340 MXRC.
687 2269 736 2338 M.
751 2269 933 2353 CATONI,
975 2273 1010 2338 S.
1021 2271 1058 2337 P.
1070 2271 1115 2338 D.

290 2385 492 2514 LAETUS
511 2464 578 2512 eam
600 2445 721 2512 laadmi
740 2467 798 2526 me,
822 2443 924 2532 inquit
939 2445 1074 2522 Hector,
1099 2440 1224 2528 opinor,
1248 2441 1321 2530 apud

292 2556 454 2640 Navium,
467 2557 523 2623 ads
546 2567 586 2636 te,
603 2555 741 2640 potensi
765 2556 890 2620 amaro
904 2555 978 2622 uiro.
1021 2551 1071 2618 Ea
1085 2563 1134 2618 est
1148 2552 1233 2624 euim
1255 2575 1322 2640 pre-

292 2667 378 2736 fectd
397 2667 539 2757 jucunda
562 2669 641 2748 laus,
666 2687 738 2753 qua
760 2667 800 2732 ab
822 2665 860 2732 iis
883 2663 1104 2752 proficiscitur,
1128 2664 1197 2750 qui·
1212 2664 1272 2750 ipsi
1294 2663 1323 2726 in

293 2775 383 2842 hade
406 2776 560 2845 vixerunt.
602 2775 674 2860 Ego
698 2778 771 2843 verd
791 2779 842 2842 vel
861 2776 1071 2862 gratulatione
1094 2775 1253 2839 literarum
1276 2785 1323 2840 tu·

288 2899 390 2966 atum,
405 2888 454 2951 vel
478 2885 668 2950 testimoniis
691 2885 856 2950 sententiae
874 2867 986 2967 dictae,
1001 2884 1079 2950 nihil
1103 2895 1152 2950 est
1176 2886 1263 2972 quod
1277 2908 1323 2950 me

289 3015 357 3064 aon
379 3003 558 3062 assecutum
582 3005 702 3082 putem.
758 2995 856 3082 quue
882 2997 961 3062 mihi
986 2999 1059 3068 cum
1085 2997 1324 3082 amplissimum,

291 3115 360 3178 rum
377 3101 598 3188 gratissimum
622 3114 684 3186 est,
705 3115 738 3170 te
761 3105 895 3174 lrlrenter
915 3107 1063 3192 amicitia
1086 3106 1223 3192 dedisse,
1243 3107 1324 3198 quad

283 3209 409 3298 ,liquido
434 3211 557 3276 veritati
582 3211 681 3279 daras.
735 3213 792 3298 Et,
817 3217 844 3280 si
865 3239 932 3284 non
955 3218 1050 3306 modi
1075 3241 1196 3300 omaus,
1218 3221 1324 3286 verim

194 3337 198 3347 ’
284 3321 384 3390 etiam
398 3309 492 3414 multi
507 3323 643 3392 Catones
658 3337 763 3394 essent
778 3328 811 3392 in
827 3328 951 3394 civitate
965 3329 1133 3414 uostrd‚„in
1148 3333 1212 3418 qud
1225 3350 1323 3395 uuum

286 3431 446 3500 exstitisse
460 3433 600 3501 mirabile
615 3446 676 3517 est,
685 3457 779 3526 quern
790 3461 851 3524 ego
863 3461 999 3521 currum,
1011 3450 1067 3506 aut
1078 3463 1172 3530 quam
1187 3443 1324 3506 lauream

283 3563 361 3612 eum
376 3545 433 3608 tad
446 3545 625 3612 laudatione
638 3553 838 3616 conferrem?
862 3547 944 3616 Nam
962 3551 1001 3615 ad
1015 3569 1120 3616 meum
1139 3571 1277 3630 sensum,
1292 3556 1325 3612 et

284 3653 326 3726 ad
348 3653 429 3750 illud
454 3657 609 3726 sincerum
634 3679 670 3724 ae
694 3660 810 3726 subtile
833 3660 1001 3748 judicium,
1025 3660 1103 3752 nihil
1125 3670 1233 3754 potest
1256 3681 1326 3755 esse

282 3763 482 3846 laudabilius,
504 3771 599 3853 quim
614 3792 650 3834 ea
666 3780 719 3836 tua
734 3769 846 3850 oratio,
860 3793 932 3856 quae
950 3781 1000 3851 est
1021 3770 1059 3862 ad
1079 3792 1131 3836 me
1154 3770 1327 3862 persaripta

282 3879 605 3964 lneaueeessariis.
650 3877 713 3944 Sed
727 3901 850 3944 eausam
867 3903 945 3946 meae
963 3873 1223 3960 voluntatisnon
1237 3879 1323 3961 enirn

280 3983 389 4056 diuam·
410 3986 602 4072 cupiditatis,
628 3983 762 4073 exposui
786 3987 843 4054 tibi
867 3989 1075 4074 superioribus
1102 3989 1231 4072 literis-3..
1252 3967 1324 4080 qum

281 4094 377 4161 etiam
391 4095 420 4162 si
433 4100 545 4184 parlim
561 4095 649 4184 justa
671 4097 729 4162 tibi
748 4098 813 4164 visa
828 4109 888 4182 est,
903 4100 982 4165 hanc
999 4109 1103 4164 tamen
1118 4100 1212 4164 habet
1226 4100 1323 4164 ratio·
1411 4178 1414 4205 ‹
