2852 4714
494 302 773 414 nninncn'no.
796 330 805 352 ’

316 730 558 799 L.Connnn1ns
573 732 695 813 Snus,
709 741 740 797 et
754 731 793 798 C.
808 693 955 802 Menios.
1025 763 1028 773 ·

158 929 199 994 L.
221 928 387 994 Cornelius
409 929 512 1009 Sulla,
535 928 581 994 vir
599 929 653 1016 qui
668 951 771 1017 neque
786 931 825 998 ad
838 931 932 998 finem
949 932 1086 1010 victorie
1101 959 1151 1005 se·

108 1044 159 1108 tis
174 1039 304 1123 lauduni,
323 1062 425 1128 neque
439 1050 514 1126 post
528 1041 690 1112 victoriam
705 1043 827 1110 abunde
842 1041 1010 1129 vituperari
1031 1059 1149 1133 potest.

110 1150 195 1233 Hic,
214 1161 308 1219 natus
328 1151 447 1218 familie
466 1151 576 1233 nobili,
599 1163 706 1221 sextus
729 1158 748 1218 i
771 1155 920 1222 Cornelio
943 1157 1072 1240 Rufino,
1098 1161 1153 1246 qui

108 1263 200 1328 bello
221 1262 332 1348 Pyrrhi
346 1249 429 1330 inter
447 1264 666 1331 celeberrimos
683 1267 784 1332 fueret
803 1265 910 1347 duces,
930 1270 1004 1334 cim
1026 1271 1152 1336 familiis

109 1373 188 1464 ejus
203 1375 354 1440 claritudo
368 1375 547 1443 intemissa
560 1384 654 1454 esset,
677 1375 731 1438 diu
747 1375 792 1438 ite
805 1397 839 1443 se
853 1376 961 1460 gessit,
983 1387 1019 1442 ut
1033 1380 1152 1446 nullam

108 1486 245 1574 petendi
259 1487 459 1553 consulatum
474 1485 698 1571 cogitationem
713 1485 826 1552 hebere
840 1469 1017 1554 videretur:
1042 1489 1153 1556 deinde
1167 1483 1169 1487 ’

109 1607 191 1685 post
205 1584 373 1690 pret-nram
396 1597 570 1662 illustratus
592 1597 676 1662 bello
699 1595 822 1677 Italico,
845 1607 878 1662 et
899 1602 973 1664 ente
992 1597 1025 1664 in
1051 1600 1155 1666 Gsllit

109 1707 272 1794 legatione
298 1709 357 1772 sub
377 1707 494 1788 Mario,
519 1711 581 1794 qut
603 1707 868 1774 eminentissimos
892 1708 988 1776 duces
1011 1711 1152 1780 hostium

109 1820 250 1900 fuderat,
264 1841 305 1884 ex
320 1839 469 1883 successu
482 1818 622 1888 animum
644 1819 800 1904 sumpsil;
822 1831 994 1908 petensque
1008 1827 1153 1890 consula-

111 1939 195 2011 tum,
207 1935 288 2015 pene
300 1929 443 1996 omnium
452 1929 566 1995 civium
577 1930 737 2014 suffragiis
746 1940 856 1996 nectus
866 1941 934 1998 est:
949 1933 1005 1998 sed
1013 1955 1084 1998 eum
1094 1935 1153 2000 ho·

110 2061 224 2112 norem
237 2040 581 2128 undequinquagesimo
595 2043 698 2106 etatis
714 2063 779 2108 sue
793 2065 876 2108 enno
889 2043 1056 2110 adsecutus
1072 2055 1131 2113 est.

155 2252 220 2320 Per
234 2274 271 2318 ee
290 2248 434 2340 tempora
447 2226 659 2333 Mithiidntes,
675 2251 827 2318 Ponticus
851 2274 917 2332 rex,
933 2254 981 2320 vir
994 2277 1097 2342 neque
1112 2261 1154 2324 si-

111 2365 225 2434 lendus
240 2385 342 2450 neque
356 2362 506 2429 dicendus
530 2363 596 2430 sine
612 2367 705 2444 curl3
728 2363 814 2427 bello
828 2364 1015 2446 acerrimus3
1038 2369 1154 2436 virtute

113 2475 248 2544 eximius
260 2502 272 2560 ς
305 2473 472 2564 aliquando
509 2478 648 2558 fortune,
678 2496 802 2562 semper
838 2474 944 2542 animo
973 2478 1152 2559 miximus3

112 2590 257 2660 consiliis
280 2587 356 2670 dux,
379 2588 470 2654 miles
497 2609 611 2669 manu;
634 2586 708 2652 odio
734 2588 767 2652 in
789 2588 951 2654 Romanos
975 2589 1155 2672 Hanmlml3

113 2705 272 2790 occupati
286 2701 375 2782 Asin,
389 2699 571 2786 necatisque
585 2699 617 2766 in
642 2703 681 2764 et
694 2697 840 2766 omnibus
856 2698 975 2765 civibus
992 2699 1155 2783 Romanis,

116 2821 213 2904 (quos
237 2815 365 2902 quidem
391 2812 501 2882 eidem
525 2811 576 2876 die
600 2820 697 2897 etque
719 2810 808 2890 hort,
834 2809 963 2886 redditis
978 2809 1156 2880 dontibus

113 2926 244 3008 litteris,
271 2925 394 3010 ingenti
424 2945 497 2988 cum
527 2921 758 3008 pollicitatione
788 2920 990 3005 pnemiorum
1020 2923 1158 2991 interimi

109 3041 250 3130 jusserat
262 3036 287 3120 ς)
302 3039 375 3102 cum
392 3033 537 3100 terribilis
552 3033 654 3100 ltatie
669 3055 796 3118 quoqne
811 3031 967 3098 videretur
981 3033 1156 3115 imminere,
1183 3102 1187 3111 ,

113 3145 207 3222 sorte
216 3147 344 3215 obvenit
355 3147 456 3211 Sulloe
467 3144 543 3210 Asin
556 3145 725 3230 provincie.
770 3144 813 3224 Is,
825 3164 968 3228 egressus
984 3145 1070 3224 urbe,
1082 3148 1155 3214 cunt

113 3263 200 3332 cirea
226 3261 344 3328 Nolam
374 3265 557 3334 moraretur,
583 3255 619 3322 P.
646 3254 820 3340 Sulpicius,
852 3255 923 3322 trib.
947 3257 1032 3341 pleb.
1057 3257 1155 3324 diser*

114 3381 181 3452 tus,
210 3391 302 3449 acer3
330 3369 454 3455 opibus,
477 3365 587 3450 gratis,
611 3364 769 3446 amicitiis,
797 3367 903 3451 vigore
926 3365 1042 3451 ingenii
1061 3378 1158 3454 etque

114 3482 214 3552 animi
227 3481 470 3561 celeberrimum
494 3480 567 3544 cim
581 3489 673 3543 antea
692 3476 866 3547 rectissime
889 3480 1050 3554 voluntate
1071 3479 1156 3565 apud

114 3593 272 3680 populum
297 3589 465 3658 maximam
495 3591 662 3674 quesisset
691 3585 886 3671 dignitatem,
915 3588 1006 3676 quasi
1033 3590 1158 3675 pigeret

114 3725 190 3772 eum
204 3703 358 3768 virtutum
372 3721 511 3780 suerum,
526 3709 559 3764 et
571 3701 653 3764 bene
674 3700 819 3763 consulte
841 3699 871 3762 ei
894 3701 976 3764 male
1000 3700 1156 3778 cederent,
1273 3751 1276 3756 .

114 3813 222 3879 subito
247 3833 360 3898 pravus
385 3820 417 3874 ct
441 3829 593 3895 preceps,
614 3809 653 3875 C.
680 3809 794 3888 Mario,
820 3820 894 3894 post
923 3811 1015 3876 LXX
1041 3831 1160 3874 annum

116 3923 222 3990 omnin
235 3921 412 4009 imperitet
426 3943 536 3987 omncs
556 3919 731 4008 provincias
755 3921 992 4010 concupiscenti
1016 3919 1156 4001 addixit3

116 4039 281 4124 legemque
296 4029 502 4138 adpqpulum
529 4031 613 4114 tulit,
630 4035 691 4120 qut
717 4033 815 4098 Sullae
840 4031 1003 4120 imperium
1028 4031 1156 4119 abroga-
