2862 4710
482 313 535 380 Eu
555 309 793 381 CICERONE.

139 673 142 678 2
229 661 472 726 Attamen·
494 660 605 728 unsa
620 645 709 726 v1'11.
730 660 801 726 nib.
817 661 859 726 11.
875 660 914 726 aa
928 659 1034 729 ΒΑΜ.

113 835 241 904 leuiter
256 833 381 898 Coelium
398 831 555 920 objurgat,
568 835 620 919 qui
641 835 884 902 commerrtorium
905 835 1034 899 maurel
1055 831 1150 916 refer·

108 939 110 942 ’
159 939 224 1010 tum
243 945 511 1011 lomento.
559 944 637 1029 lbm
650 946 787 1010 bortulur
805 945 848 1008 orl
861 943 1030 1008 umidum
1045 945 1152 1010 Pom·

153 1057 228 1140 peri,
248 1065 417 1142 mergente
425 1055 499 1140 jum
520 1054 589 1118 belli
608 1055 702 1118 cette
723 1054 818 1117 ιἰιίιίο.
862 1053 959 1120 Addit
982 1055 1020 1118 de
1042 1074 1097 1118 ruo
1119 1054 1173 1118 in*

155 1165 344 1252 prouinciam
368 1168 483 1234 itinere.
527 1166 566 1230 Ιιι
590 1175 792 1244 extremaue
816 1165 872 1230 sibi
892 1165 1051 1249 paracta
1075 1175 1151 1230 tero·

153 1297 215 1360 pur
226 1286 416 1364 prorogetur.
470 1285 476 1296 '

265 1435 314 1501 M.
326 1435 367 1500 T.
382 1436 421 1502 C.
436 1436 638 1516 Proconesus,
655 1436 704 1501 M.
720 1435 868 1501 COELIO
910 1437 945 1503 S.
956 1437 1000 1502 D.

116 1569 280 1710 QUID
294 1561 315 1676 ?¹
338 1619 376 1674 tu
396 1631 447 1674 me
468 1609 529 1674 hoc
551 1609 608 1674 tibi
636 1609 797 1674 mandbsse
819 1609 989 1691 extremas,
1011 1620 1046 1674 ut
1073 1609 1150 1678 mibi

112 1735 321 1824 gladiatorum
337 1730 592 1817 compositiones,
608 1740 644 1796 ut
658 1730 843 1797 vadimonia·
857 1732 962 1813 dilata,
978 1742 1010 1796 et
1025 1731 1151 1797 Chresti

112 1843 370 1930 compilationem
402 1842 554 1919 mitteres,
576 1851 609 1906 et
641 1863 688 1921 ea,
711 1865 782 1927 quae
813 1841 914 1921 nobis,
936 1845 1008 1908 cum
1038 1843 1150 1910 Roma

113 1981 238 2039 sumus,
251 1977 374 2022 narrare
388 1975 481 2018 nemo
497 1953 637 2018 audeat?
655 1952 734 2018 Vide
749 1962 902 2038 quantum
917 1953 976 2016 tibi
1000 1975 1072 2020 meo
1094 1954 1149 2042 ju·

112 2069 197 2139 dicio
223 2069 367 2146 tribuam,
393 2087 452 2128 nec
478 2065 655 2130 mehercule
680 2063 812 2150 injurib3
835 2061 1052 2152 πολιτικώτερον
1067 2065 1151 2130 enim

113 2191 151 2246 te
175 2180 278 2244 adbuc
303 2177 459 2242 neminem
486 2175 631 2260 cognovi.
672 2177 724 2240 Ne
750 2177 803 2238 illa
827 2175 951 2262 quidem
974 2197 1048 2240 curo
1074 2174 1152 2242 mibi

113 2293 241 2370 scribas
258 2312 328 2374 quse
353 2287 498 2352 maximis
515 2287 547 2350 in
569 2289 661 2350 rebus
677 2285 856 2368 reipublicae
879 2287 1151 2372 gerunturquoti-

107 2401 177 2480 ldie,
190 2399 250 2464 nisi
264 2398 340 2484 quid
353 2397 393 2462 ad
406 2396 573 2480 meipsum
590 2393 769 2478 pertinebit.
815 2395 960 2458 Scribens
973 2397 1044 2460 ulii:
1066 2401 1150 2461 mul-

112 2510 139 2574 ti
153 2507 353 2574 nuntiabunt.
397 2507 536 2572 Perieret
551 2508 650 2574 multa
673 2506 767 2572 etiam
792 2506 859 2590 ipse
886 2525 1004 2572 rumor.
1046 2507 1151 2576 Quare

114 2643 177 2704 ego
192 2641 253 2684 neo
274 2618 436 2706 praeterita
450 2640 508 2682 nee
531 2615 696 2701 prasentia
710 2619 764 2680 abs
786 2626 829 2694 te,
844 2615 898 2680 sed
912 2625 949 2680 ut
963 2617 1001 2679 ab
1023 2617 1152 2684 homino

114 2733 209 2816 longe
234 2728 454 2814 inposterum
480 2727 701 2812 prospiciente,
725 2729 831 2803 futura
856 2737 1026 2812 exspectn3
1048 2737 1085 2792 ut
1111 2749 1150 2792 ex

113 2839 178 2911 tuis
194 2837 303 2917 literis,
317 2840 390 2902 eben
415 2840 549 2902 formam
565 2837 743 2920 reipublicae
758 2829 898 2918 viderim,
914 2842 1009 2924 quala
1022 2839 1165 2904 aedifici--

112 2970 167 3017 um
183 2950 325 3012 aarum
339 2948 392 3025 sit,
409 2948 487 3010 seire
500 2945 630 3031 possim.
674 2949 788 3032 Neque
803 2958 907 3014 tamen
922 2941 1022 3013 adhuc
1037 2951 1149 3031 babeo,
1249 2930 1255 2944 ¹

114 3059 251 3147 quodte
261 3079 428 3137 accusemc
445 3079 544 3142 neque
560 3058 643 3122 euim
659 3058 720 3122 fuit
734 3059 819 3142 quod
838 3069 874 3124 tu
894 3062 968 3142 plus
987 3059 1150 3144 providere

112 3167 236 3256 posses,
259 3171 353 3253 quim
368 3168 466 3253 quivis
488 3174 641 3247 nostrum,
667 3169 699 3232 in
719 3170 893 3255 primisque
916 3193 987 3254 ego,
1010 3171 1152 3254 quicum

113 3279 266 3364 Pompeio
289 3280 468 3363 complures
489 3278 555 3342 dies
579 3277 676 3342 nullis
698 3279 731 3344 in
754 3278 834 3358 aliis,
858 3278 917 3356 nisi
936 3279 974 3342 de
989 3281 1151 3363 republica

113 3369 321 3468 sermonibus,
349 3397 496 3455 versatos
515 3407 604 3454 sum-z
629 3409 700 3472 quae
723 3411 780 3453 nee
801 3397 935 3474 possunt
961 3390 1074 3471 scribi·
1094 3415 1152 3458 nec

114 3497 286 3570 scribenda¹
301 3506 387 3562 suut.
440 3497 578 3560 flentum
606 3499 731 3578 habeto,
762 3499 861 3564 civem
891 3501 1051 3585 egregium
1081 3525 1177 3582 esse·

98 3591 315 3693 Pompeium,
338 3618 371 3672 et
388 3608 426 3670 ad
444 3607 560 3687 omnia,
583 3629 653 3694 quea
671 3609 862 3694 providenda
884 3611 1012 3675 suntin
1036 3614 1150 3697 repub·
1172 3617 1175 3624 '

112 3719 186 3798 lico,
209 3733 243 3784 et
256 3719 361 3782 animo
379 3729 414 3782 et
439 3715 571 3782 consilio
593 3729 747 3802 paratum.
792 3719 896 3788 Quare
918 3721 957 3784 da
970 3731 1001 3785 te
1015 3721 1149 3785 homini.
1199 3803 1210 3809 -

113 3828 353 3912 complectetur
375 3837 418 3908 te,
441 3826 642 3912 mihicrede.
685 3827 756 3892 Jam
782 3829 873 3894 iidem
897 3832 944 3895 illi
966 3843 998 3894 et
1019 3831 1093 3895 boni
1117 3839 1149 3894 et

114 3941 191 4006 mali
216 3941 298 4004 cives
323 3938 476 4018 videntur,
505 3941 561 4025 qui
584 3940 673 4020 nobis
698 3940 794 4018 videri
821 3945 951 4012 solent.
980 3931 1148 4026 Ego'cbm

114 4051 251 4118 Athenis
281 4051 391 4144 decem
416 4051 499 4136 ipsos
530 4051 593 4116 dies
624 4035 764 4132 fuissem,
795 4037 995 4136 multumque
1025 4073 1148 4118 mecum
