<?xml version="1.0" encoding="UTF-8"?>
<!DOCTYPE html PUBLIC "-//W3C//DTD XHTML 1.0 Transitional//EN"
    "http://www.w3.org/TR/xhtml1/DTD/xhtml1-transitional.dtd">
<html xmlns="http://www.w3.org/1999/xhtml" xml:lang="en" lang="en">
 <head>
  <title>
</title>
<meta http-equiv="Content-Type" content="text/html;charset=utf-8" />
  <meta name='ocr-system' content='tesseract 3.04.00' />
  <meta name='ocr-capabilities' content='ocr_page ocr_carea ocr_par ocr_line ocrx_word'/>
</head>
<body>
  <div class='ocr_page' id='page_1' title='image "./scriptoresroman00unkngoog_0053.png"; bbox 0 0 2932 4700; ppageno 0'>
   <div class='ocr_carea' id='block_1_1' title="bbox 326 809 1099 926">
    <p class='ocr_par' dir='ltr' id='par_1_1' title="bbox 326 809 1099 926">
     <span class='ocr_line' id='line_1_1' title="bbox 326 809 1099 926; baseline 0.013 -40"><span class='ocrx_word' id='word_1_1' title='bbox 326 809 481 888; x_wconf 77' lang='grc' dir='ltr'>Ριιιιιιιι.</span> <span class='ocrx_word' id='word_1_2' title='bbox 507 812 591 888; x_wconf 93' lang='lat' dir='ltr'><strong>Lib.</strong></span> <span class='ocrx_word' id='word_1_3' title='bbox 609 813 638 886; x_wconf 93' lang='lat' dir='ltr'>I.</span> <span class='ocrx_word' id='word_1_4' title='bbox 665 813 840 890; x_wconf 72' lang='lat' dir='ltr'>Aconum,</span> <span class='ocrx_word' id='word_1_5' title='bbox 859 815 1008 926; x_wconf 61' lang='lat' dir='ltr'>Quinto.</span> <span class='ocrx_word' id='word_1_6' title='bbox 1097 917 1099 922; x_wconf 66' lang='lat'>,</span> 
     </span>
    </p>
   </div>
   <div class='ocr_carea' id='block_1_2' title="bbox 270 977 1190 1108">
    <p class='ocr_par' dir='ltr' id='par_1_2' title="bbox 270 977 1190 1108">
     <span class='ocr_line' id='line_1_2' title="bbox 270 977 1190 1108; baseline -0.004 -26"><span class='ocrx_word' id='word_1_7' title='bbox 270 1017 423 1082; x_wconf 69' lang='lat' dir='ltr'>Vuuuom</span> <span class='ocrx_word' id='word_1_8' title='bbox 455 1013 683 1100; x_wconf 75' lang='lat' dir='ltr'><strong><em>Philosophiam</em></strong></span> <span class='ocrx_word' id='word_1_9' title='bbox 711 1012 900 1080; x_wconf 77' lang='lat' dir='ltr'><strong><em>commendat</em></strong></span> <span class='ocrx_word' id='word_1_10' title='bbox 930 1015 1065 1080; x_wconf 80' lang='lat' dir='ltr'>Crcuno.</span> <span class='ocrx_word' id='word_1_11' title='bbox 1114 1005 1134 1098; x_wconf 46' lang='lat' dir='ltr'><em>J</em></span> <span class='ocrx_word' id='word_1_12' title='bbox 1157 977 1190 1108; x_wconf 27' lang='grc' dir='ltr'>’.Υ</span> 
     </span>
    </p>
   </div>
   <div class='ocr_carea' id='block_1_3' title="bbox 142 1147 1189 1282">
    <p class='ocr_par' dir='ltr' id='par_1_3' title="bbox 142 1147 1189 1282">
     <span class='ocr_line' id='line_1_3' title="bbox 142 1147 1189 1282; baseline 0.003 -21"><span class='ocrx_word' id='word_1_13' title='bbox 142 1147 217 1268; x_wconf 84' lang='grc' dir='ltr'>ΙΝ</span> <span class='ocrx_word' id='word_1_14' title='bbox 247 1199 392 1262; x_wconf 83' lang='lat' dir='ltr'>Cumano</span> <span class='ocrx_word' id='word_1_15' title='bbox 422 1218 522 1282; x_wconf 86' lang='lat' dir='ltr'>nuper</span> <span class='ocrx_word' id='word_1_16' title='bbox 549 1197 624 1261; x_wconf 79' lang='lat' dir='ltr'>cum</span> <span class='ocrx_word' id='word_1_17' title='bbox 650 1219 775 1262; x_wconf 89' lang='lat' dir='ltr'>mecum</span> <span class='ocrx_word' id='word_1_18' title='bbox 805 1197 937 1262; x_wconf 88' lang='lat' dir='ltr'>Atticus</span> <span class='ocrx_word' id='word_1_19' title='bbox 960 1208 1087 1264; x_wconf 84' lang='lat' dir='ltr'>noster</span> <span class='ocrx_word' id='word_1_20' title='bbox 1094 1205 1189 1281; x_wconf 83' lang='lat' dir='ltr'>esset,</span> 
     </span>
    </p>
   </div>
   <div class='ocr_carea' id='block_1_4' title="bbox 138 1319 1237 2292">
    <p class='ocr_par' dir='ltr' id='par_1_4' title="bbox 138 1319 1237 2292">
     <span class='ocr_line' id='line_1_4' title="bbox 138 1319 1191 1422; baseline 0.001 -38"><span class='ocrx_word' id='word_1_21' title='bbox 138 1319 322 1422; x_wconf 76' lang='lat' dir='ltr'>nuntiatum</span> <span class='ocrx_word' id='word_1_22' title='bbox 349 1330 398 1385; x_wconf 89' lang='lat' dir='ltr'>est</span> <span class='ocrx_word' id='word_1_23' title='bbox 423 1319 553 1384; x_wconf 84' lang='lat' dir='ltr'>uobis</span> <span class='ocrx_word' id='word_1_24' title='bbox 542 1343 560 1382; x_wconf 84' lang='lat' dir='ltr'>a</span> <span class='ocrx_word' id='word_1_25' title='bbox 586 1321 635 1384; x_wconf 91' lang='lat' dir='ltr'>M.</span> <span class='ocrx_word' id='word_1_26' title='bbox 661 1321 814 1402; x_wconf 81' lang='lat' dir='ltr'>Varrone,</span> <span class='ocrx_word' id='word_1_27' title='bbox 840 1321 961 1386; x_wconf 88' lang='lat' dir='ltr'>venisse</span> <span class='ocrx_word' id='word_1_28' title='bbox 988 1343 1061 1418; x_wconf 86' lang='lat' dir='ltr'>eum</span> <span class='ocrx_word' id='word_1_29' title='bbox 1087 1322 1191 1419; x_wconf 74' lang='lat' dir='ltr'>Romt</span> 
     </span>
     <span class='ocr_line' id='line_1_5' title="bbox 138 1409 1190 1518; baseline 0 -22"><span class='ocrx_word' id='word_1_30' title='bbox 138 1419 280 1518; x_wconf 84' lang='lat' dir='ltr'>pridie</span> <span class='ocrx_word' id='word_1_31' title='bbox 256 1415 388 1516; x_wconf 85' lang='lat' dir='ltr'>vesperi,</span> <span class='ocrx_word' id='word_1_32' title='bbox 405 1443 437 1495; x_wconf 91' lang='lat' dir='ltr'>et</span> <span class='ocrx_word' id='word_1_33' title='bbox 464 1428 525 1494; x_wconf 89' lang='lat' dir='ltr'>nisi</span> <span class='ocrx_word' id='word_1_34' title='bbox 549 1431 587 1493; x_wconf 92' lang='lat' dir='ltr'>de</span> <span class='ocrx_word' id='word_1_35' title='bbox 601 1411 651 1493; x_wconf 79' lang='lat' dir='ltr'>vit&#39;</span> <span class='ocrx_word' id='word_1_36' title='bbox 676 1431 779 1494; x_wconf 88' lang='lat' dir='ltr'>fessus</span> <span class='ocrx_word' id='word_1_37' title='bbox 805 1441 899 1510; x_wconf 88' lang='lat' dir='ltr'>esset,</span> <span class='ocrx_word' id='word_1_38' title='bbox 915 1409 1066 1495; x_wconf 77' lang='lat' dir='ltr'>continuo</span> <span class='ocrx_word' id='word_1_39' title='bbox 1081 1433 1119 1495; x_wconf 88' lang='lat' dir='ltr'>ad</span> <span class='ocrx_word' id='word_1_40' title='bbox 1132 1455 1190 1497; x_wconf 83' lang='lat' dir='ltr'>nos</span> 
     </span>
     <span class='ocr_line' id='line_1_6' title="bbox 139 1525 1192 1622; baseline -0.001 -16"><span class='ocrx_word' id='word_1_41' title='bbox 139 1553 312 1607; x_wconf 83' lang='lat' dir='ltr'>venturum</span> <span class='ocrx_word' id='word_1_42' title='bbox 326 1543 433 1606; x_wconf 88' lang='lat' dir='ltr'>fuisse.</span> <span class='ocrx_word' id='word_1_43' title='bbox 477 1539 573 1611; x_wconf 84' lang='lat' dir='ltr'>Quod</span> <span class='ocrx_word' id='word_1_44' title='bbox 587 1542 662 1603; x_wconf 81' lang='lat' dir='ltr'>cum</span> <span class='ocrx_word' id='word_1_45' title='bbox 683 1541 932 1622; x_wconf 77' lang='lat' dir='ltr'>oudivissemus,</span> <span class='ocrx_word' id='word_1_46' title='bbox 936 1543 1057 1605; x_wconf 88' lang='lat' dir='ltr'>nullam</span> <span class='ocrx_word' id='word_1_47' title='bbox 1072 1525 1192 1606; x_wconf 81' lang='lat' dir='ltr'>morani</span> 
     </span>
     <span class='ocr_line' id='line_1_7' title="bbox 140 1651 1192 1744; baseline -0.002 -26"><span class='ocrx_word' id='word_1_48' title='bbox 140 1654 403 1740; x_wconf 78' lang='lat' dir='ltr'>interponendam</span> <span class='ocrx_word' id='word_1_49' title='bbox 425 1653 616 1740; x_wconf 82' lang='lat' dir='ltr'>putavimus,</span> <span class='ocrx_word' id='word_1_50' title='bbox 632 1651 709 1738; x_wconf 92' lang='lat' dir='ltr'>quin</span> <span class='ocrx_word' id='word_1_51' title='bbox 732 1651 908 1716; x_wconf 89' lang='lat' dir='ltr'>videremus</span> <span class='ocrx_word' id='word_1_52' title='bbox 934 1652 1108 1732; x_wconf 88' lang='lat' dir='ltr'>hominem,</span> <span class='ocrx_word' id='word_1_53' title='bbox 1133 1675 1192 1744; x_wconf 79' lang='lat' dir='ltr'>no-¹</span> 
     </span>
     <span class='ocr_line' id='line_1_8' title="bbox 138 1756 1192 1851; baseline -0.002 -21"><span class='ocrx_word' id='word_1_54' title='bbox 138 1769 262 1831; x_wconf 88' lang='lat' dir='ltr'>biscum</span> <span class='ocrx_word' id='word_1_55' title='bbox 278 1774 323 1827; x_wconf 86' lang='lat' dir='ltr'>et</span> <span class='ocrx_word' id='word_1_56' title='bbox 320 1775 358 1828; x_wconf 91' lang='lat' dir='ltr'>st</span> <span class='ocrx_word' id='word_1_57' title='bbox 345 1761 439 1828; x_wconf 87' lang='lat' dir='ltr'>tudiis</span> <span class='ocrx_word' id='word_1_58' title='bbox 456 1762 578 1843; x_wconf 89' lang='lat' dir='ltr'>iisdem,</span> <span class='ocrx_word' id='word_1_59' title='bbox 593 1773 625 1826; x_wconf 88' lang='lat' dir='ltr'>et</span> <span class='ocrx_word' id='word_1_60' title='bbox 640 1771 798 1828; x_wconf 83' lang='lat' dir='ltr'>vetustate</span> <span class='ocrx_word' id='word_1_61' title='bbox 811 1756 956 1828; x_wconf 68' lang='lat' dir='ltr'>amicitie.</span> <span class='ocrx_word' id='word_1_62' title='bbox 972 1764 1192 1851; x_wconf 88' lang='lat' dir='ltr'>conjunctum.</span> 
     </span>
     <span class='ocr_line' id='line_1_9' title="bbox 140 1872 1192 1982; baseline -0.003 -38"><span class='ocrx_word' id='word_1_63' title='bbox 140 1879 252 1982; x_wconf 75' lang='lat' dir='ltr'>Itaque</span> <span class='ocrx_word' id='word_1_64' title='bbox 269 1875 436 1941; x_wconf 80' lang='lat' dir='ltr'>confestim</span> <span class='ocrx_word' id='word_1_65' title='bbox 452 1874 491 1937; x_wconf 87' lang='lat' dir='ltr'>ad</span> <span class='ocrx_word' id='word_1_66' title='bbox 504 1895 577 1937; x_wconf 89' lang='lat' dir='ltr'>eum</span> <span class='ocrx_word' id='word_1_67' title='bbox 594 1872 639 1937; x_wconf 89' lang='lat' dir='ltr'>ire</span> <span class='ocrx_word' id='word_1_68' title='bbox 662 1873 875 1960; x_wconf 85' lang='lat' dir='ltr'>perreximus.</span> <span class='ocrx_word' id='word_1_69' title='bbox 897 1875 1102 1966; x_wconf 79' lang='lat' dir='ltr'>paullumquc</span> <span class='ocrx_word' id='word_1_70' title='bbox 1118 1878 1192 1942; x_wconf 82' lang='lat' dir='ltr'>cum</span> 
     </span>
     <span class='ocr_line' id='line_1_10' title="bbox 140 1983 1237 2084; baseline -0.003 -30.964"><span class='ocrx_word' id='word_1_71' title='bbox 140 1987 257 2084; x_wconf 86' lang='lat' dir='ltr'>ejus</span> <span class='ocrx_word' id='word_1_72' title='bbox 236 1987 315 2052; x_wconf 69' lang='lat' dir='ltr'>silla</span> <span class='ocrx_word' id='word_1_73' title='bbox 339 1984 567 2065; x_wconf 85' lang='lat' dir='ltr'>obessemus,</span> <span class='ocrx_word' id='word_1_74' title='bbox 558 2005 661 2069; x_wconf 83' lang='lat' dir='ltr'>rpsum</span> <span class='ocrx_word' id='word_1_75' title='bbox 688 1983 728 2046; x_wconf 84' lang='lat' dir='ltr'>ad</span> <span class='ocrx_word' id='word_1_76' title='bbox 752 2005 810 2047; x_wconf 86' lang='lat' dir='ltr'>nos</span> <span class='ocrx_word' id='word_1_77' title='bbox 834 1986 1012 2050; x_wconf 87' lang='lat' dir='ltr'>venientem</span> <span class='ocrx_word' id='word_1_78' title='bbox 1035 1987 1191 2070; x_wconf 69' lang='grc' dir='ltr'>ιίιίἰιιιιιις</span> <span class='ocrx_word' id='word_1_79' title='bbox 1235 2035 1237 2040; x_wconf 83' lang='grc'>.</span> 
     </span>
     <span class='ocr_line' id='line_1_11' title="bbox 138 2085 1193 2188; baseline 0.001 -27"><span class='ocrx_word' id='word_1_80' title='bbox 138 2109 246 2188; x_wconf 80' lang='lat' dir='ltr'>atque</span> <span class='ocrx_word' id='word_1_81' title='bbox 261 2096 353 2162; x_wconf 87' lang='lat' dir='ltr'>illurn</span> <span class='ocrx_word' id='word_1_82' title='bbox 381 2093 540 2180; x_wconf 84' lang='lat' dir='ltr'>complexi</span> <span class='ocrx_word' id='word_1_83' title='bbox 569 2096 618 2178; x_wconf 89' lang='lat' dir='ltr'>(ut</span> <span class='ocrx_word' id='word_1_84' title='bbox 644 2117 712 2156; x_wconf 89' lang='lat' dir='ltr'>mos</span> <span class='ocrx_word' id='word_1_85' title='bbox 737 2085 911 2160; x_wconf 79' lang='lat' dir='ltr'>amicorum</span> <span class='ocrx_word' id='word_1_86' title='bbox 937 2098 998 2180; x_wconf 89' lang='lat' dir='ltr'>est)</span> <span class='ocrx_word' id='word_1_87' title='bbox 1018 2097 1093 2162; x_wconf 83' lang='lat' dir='ltr'>satis</span> <span class='ocrx_word' id='word_1_88' title='bbox 1119 2117 1193 2162; x_wconf 89' lang='lat' dir='ltr'>eum</span> 
     </span>
     <span class='ocr_line' id='line_1_12' title="bbox 140 2203 1180 2292; baseline -0.003 -20"><span class='ocrx_word' id='word_1_89' title='bbox 140 2210 239 2292; x_wconf 82' lang='lat' dir='ltr'>longo</span> <span class='ocrx_word' id='word_1_90' title='bbox 256 2205 421 2269; x_wconf 86' lang='lat' dir='ltr'>intervallo</span> <span class='ocrx_word' id='word_1_91' title='bbox 436 2203 475 2267; x_wconf 86' lang='lat' dir='ltr'>ad</span> <span class='ocrx_word' id='word_1_92' title='bbox 490 2210 579 2267; x_wconf 84' lang='lat' dir='ltr'>suam</span> <span class='ocrx_word' id='word_1_93' title='bbox 595 2204 699 2268; x_wconf 73' lang='lat' dir='ltr'>sillem</span> <span class='ocrx_word' id='word_1_94' title='bbox 716 2203 920 2271; x_wconf 62' lang='lat' dir='ltr'>reduximus:</span> <span class='ocrx_word' id='word_1_95' title='bbox 1176 2211 1180 2218; x_wconf 78' lang='grc'><em>’</em></span> 
     </span>
    </p>
   </div>
   <div class='ocr_carea' id='block_1_5' title="bbox 143 2405 1265 4162">
    <p class='ocr_par' dir='ltr' id='par_1_5' title="bbox 143 2405 1265 4162">
     <span class='ocr_line' id='line_1_13' title="bbox 184 2405 1192 2503; baseline -0.001 -21"><span class='ocrx_word' id='word_1_96' title='bbox 184 2417 253 2482; x_wconf 86' lang='lat' dir='ltr'>Hic</span> <span class='ocrx_word' id='word_1_97' title='bbox 276 2437 377 2503; x_wconf 83' lang='lat' dir='ltr'>pauca</span> <span class='ocrx_word' id='word_1_98' title='bbox 394 2414 515 2502; x_wconf 55' lang='lat' dir='ltr'>&lt;primm</span> <span class='ocrx_word' id='word_1_99' title='bbox 530 2409 625 2500; x_wconf 77' lang='lat' dir='ltr'>atqu&#39;e</span> <span class='ocrx_word' id='word_1_100' title='bbox 652 2436 698 2493; x_wconf 83' lang='lat' dir='ltr'>en,</span> <span class='ocrx_word' id='word_1_101' title='bbox 714 2414 995 2502; x_wconf 71' lang='lat' dir='ltr'>percunctantibus</span> <span class='ocrx_word' id='word_1_102' title='bbox 1020 2405 1123 2495; x_wconf 90' lang='lat' dir='ltr'>nobis,</span> <span class='ocrx_word' id='word_1_103' title='bbox 1139 2437 1192 2481; x_wconf 87' lang='lat' dir='ltr'>ec·</span> 
     </span>
     <span class='ocr_line' id='line_1_14' title="bbox 143 2523 1193 2616; baseline -0.001 -26"><span class='ocrx_word' id='word_1_104' title='bbox 143 2527 217 2614; x_wconf 81' lang='lat' dir='ltr'>quid</span> <span class='ocrx_word' id='word_1_105' title='bbox 230 2529 316 2592; x_wconf 69' lang='lat' dir='ltr'>forte</span> <span class='ocrx_word' id='word_1_106' title='bbox 331 2523 435 2590; x_wconf 64' lang='lat' dir='ltr'>Rome</span> <span class='ocrx_word' id='word_1_107' title='bbox 450 2525 542 2588; x_wconf 83' lang='lat' dir='ltr'>novi:</span> <span class='ocrx_word' id='word_1_108' title='bbox 563 2524 703 2616; x_wconf 85' lang='lat' dir='ltr'>Atticus,</span> <span class='ocrx_word' id='word_1_109' title='bbox 721 2523 844 2587; x_wconf 89' lang='lat' dir='ltr'>Omitte</span> <span class='ocrx_word' id='word_1_110' title='bbox 869 2523 940 2604; x_wconf 77' lang='lat' dir='ltr'>isto,</span> <span class='ocrx_word' id='word_1_111' title='bbox 958 2543 1028 2608; x_wconf 83' lang='lat' dir='ltr'>quoe</span> <span class='ocrx_word' id='word_1_112' title='bbox 1050 2545 1107 2588; x_wconf 89' lang='lat' dir='ltr'>nec</span> <span class='ocrx_word' id='word_1_113' title='bbox 1122 2547 1193 2611; x_wconf 85' lang='lat' dir='ltr'>per-</span> 
     </span>
     <span class='ocr_line' id='line_1_15' title="bbox 145 2633 1193 2724; baseline 0 -23"><span class='ocrx_word' id='word_1_114' title='bbox 145 2633 287 2702; x_wconf 78' lang='lat' dir='ltr'>cunctari</span> <span class='ocrx_word' id='word_1_115' title='bbox 306 2657 365 2714; x_wconf 83' lang='lat' dir='ltr'>nec</span> <span class='ocrx_word' id='word_1_116' title='bbox 383 2633 528 2699; x_wconf 80' lang='lat' dir='ltr'>audire</span> <span class='ocrx_word' id='word_1_117' title='bbox 502 2657 569 2698; x_wconf 78' lang='lat' dir='ltr'>sine</span> <span class='ocrx_word' id='word_1_118' title='bbox 582 2635 729 2700; x_wconf 75' lang='lat' dir='ltr'>molestit</span> <span class='ocrx_word' id='word_1_119' title='bbox 744 2657 925 2720; x_wconf 90' lang='lat' dir='ltr'>possumus,</span> <span class='ocrx_word' id='word_1_120' title='bbox 938 2657 1057 2721; x_wconf 68' lang='lat' dir='ltr'>quisse,</span> <span class='ocrx_word' id='word_1_121' title='bbox 1072 2637 1193 2724; x_wconf 87' lang='lat' dir='ltr'>inquit:</span> 
     </span>
     <span class='ocr_line' id='line_1_16' title="bbox 144 2719 1195 2833; baseline 0.003 -22"><span class='ocrx_word' id='word_1_122' title='bbox 144 2757 177 2811; x_wconf 84' lang='lat' dir='ltr'>et</span> <span class='ocrx_word' id='word_1_123' title='bbox 201 2767 307 2833; x_wconf 75' lang='lat' dir='ltr'>qutere</span> <span class='ocrx_word' id='word_1_124' title='bbox 322 2719 449 2830; x_wconf 77' lang='lat' dir='ltr'>potius,</span> <span class='ocrx_word' id='word_1_125' title='bbox 474 2739 623 2832; x_wconf 88' lang='lat' dir='ltr'>ecquid</span> <span class='ocrx_word' id='word_1_126' title='bbox 615 2767 682 2831; x_wconf 76' lang='lat' dir='ltr'>lpse</span> <span class='ocrx_word' id='word_1_127' title='bbox 709 2747 794 2810; x_wconf 88' lang='lat' dir='ltr'>novi.</span> <span class='ocrx_word' id='word_1_128' title='bbox 839 2743 943 2810; x_wconf 88' lang='lat' dir='ltr'>Silent</span> <span class='ocrx_word' id='word_1_129' title='bbox 930 2745 1050 2812; x_wconf 88' lang='lat' dir='ltr'>tenim</span> <span class='ocrx_word' id='word_1_130' title='bbox 1077 2737 1195 2814; x_wconf 73' lang='lat' dir='ltr'>diutius</span> 
     </span>
     <span class='ocr_line' id='line_1_17' title="bbox 146 2855 1195 2947; baseline 0.004 -25"><span class='ocrx_word' id='word_1_131' title='bbox 146 2859 250 2947; x_wconf 80' lang='lat' dir='ltr'>Musae</span> <span class='ocrx_word' id='word_1_132' title='bbox 265 2855 426 2946; x_wconf 82' lang='lat' dir='ltr'>Varronis,</span> <span class='ocrx_word' id='word_1_133' title='bbox 442 2857 538 2942; x_wconf 85' lang='lat' dir='ltr'>quam</span> <span class='ocrx_word' id='word_1_134' title='bbox 553 2857 720 2921; x_wconf 82' lang='lat' dir='ltr'>solebant:</span> <span class='ocrx_word' id='word_1_135' title='bbox 744 2879 804 2919; x_wconf 87' lang='lat' dir='ltr'>nce</span> <span class='ocrx_word' id='word_1_136' title='bbox 820 2867 925 2921; x_wconf 84' lang='lat' dir='ltr'>tumen</span> <span class='ocrx_word' id='word_1_137' title='bbox 952 2858 1046 2922; x_wconf 85' lang='lat' dir='ltr'>istum</span> <span class='ocrx_word' id='word_1_138' title='bbox 1063 2883 1195 2941; x_wconf 83' lang='lat' dir='ltr'>cessare,</span> 
     </span>
     <span class='ocr_line' id='line_1_18' title="bbox 146 2958 1196 3058; baseline 0.004 -26"><span class='ocrx_word' id='word_1_139' title='bbox 146 2958 200 3033; x_wconf 84' lang='lat' dir='ltr'>sed</span> <span class='ocrx_word' id='word_1_140' title='bbox 224 2967 327 3040; x_wconf 75' lang='lat' dir='ltr'>celare</span> <span class='ocrx_word' id='word_1_141' title='bbox 353 2989 423 3058; x_wconf 81' lang='lat' dir='ltr'>quae</span> <span class='ocrx_word' id='word_1_142' title='bbox 454 2967 580 3046; x_wconf 84' lang='lat' dir='ltr'>scribat,</span> <span class='ocrx_word' id='word_1_143' title='bbox 611 2967 693 3031; x_wconf 85' lang='lat' dir='ltr'>exist</span> <span class='ocrx_word' id='word_1_144' title='bbox 695 2968 770 3033; x_wconf 79' lang='lat' dir='ltr'>imo,</span> <span class='ocrx_word' id='word_1_145' title='bbox 816 2959 950 3034; x_wconf 74' lang='lat' dir='ltr'>Minime</span> <span class='ocrx_word' id='word_1_146' title='bbox 978 2975 1063 3050; x_wconf 75' lang='lat' dir='ltr'>vero,</span> <span class='ocrx_word' id='word_1_147' title='bbox 1092 2973 1196 3058; x_wconf 87' lang='lat' dir='ltr'>inquit</span> 
     </span>
     <span class='ocr_line' id='line_1_19' title="bbox 146 3072 1193 3168; baseline 0.006 -28"><span class='ocrx_word' id='word_1_148' title='bbox 146 3078 222 3158; x_wconf 78' lang='lat' dir='ltr'>ille3</span> <span class='ocrx_word' id='word_1_149' title='bbox 245 3077 484 3162; x_wconf 78' lang='lat' dir='ltr'>intemperantis</span> <span class='ocrx_word' id='word_1_150' title='bbox 510 3072 593 3141; x_wconf 84' lang='lat' dir='ltr'>enini</span> <span class='ocrx_word' id='word_1_151' title='bbox 618 3101 686 3143; x_wconf 87' lang='lat' dir='ltr'>esse</span> <span class='ocrx_word' id='word_1_152' title='bbox 710 3079 854 3162; x_wconf 83' lang='lat' dir='ltr'>arbitror,</span> <span class='ocrx_word' id='word_1_153' title='bbox 879 3080 1013 3146; x_wconf 79' lang='lat' dir='ltr'>scribere</span> <span class='ocrx_word' id='word_1_154' title='bbox 1040 3083 1124 3168; x_wconf 90' lang='lat' dir='ltr'>quod</span> <span class='ocrx_word' id='word_1_155' title='bbox 1138 3105 1193 3146; x_wconf 81' lang='lat' dir='ltr'>oc-</span> 
     </span>
     <span class='ocr_line' id='line_1_20' title="bbox 149 3183 1198 3278; baseline 0.006 -26"><span class='ocrx_word' id='word_1_156' title='bbox 149 3189 259 3254; x_wconf 83' lang='lat' dir='ltr'>cultari</span> <span class='ocrx_word' id='word_1_157' title='bbox 273 3190 360 3255; x_wconf 82' lang='lat' dir='ltr'>velit.</span> <span class='ocrx_word' id='word_1_158' title='bbox 404 3191 468 3254; x_wconf 89' lang='lat' dir='ltr'>Sed</span> <span class='ocrx_word' id='word_1_159' title='bbox 483 3189 582 3254; x_wconf 83' lang='lat' dir='ltr'>habeo</span> <span class='ocrx_word' id='word_1_160' title='bbox 599 3211 681 3276; x_wconf 85' lang='lat' dir='ltr'>opus</span> <span class='ocrx_word' id='word_1_161' title='bbox 696 3210 844 3276; x_wconf 83' lang='lat' dir='ltr'>magnum</span> <span class='ocrx_word' id='word_1_162' title='bbox 869 3183 914 3255; x_wconf 67' lang='lat' dir='ltr'>in¹</span> <span class='ocrx_word' id='word_1_163' title='bbox 924 3193 1089 3273; x_wconf 79' lang='lat' dir='ltr'>munibus3</span> <span class='ocrx_word' id='word_1_164' title='bbox 1114 3191 1198 3278; x_wconf 75' lang='lat' dir='ltr'>quod</span> 
     </span>
     <span class='ocr_line' id='line_1_21' title="bbox 143 3299 1197 3388; baseline 0.004 -24"><span class='ocrx_word' id='word_1_165' title='bbox 143 3299 331 3386; x_wconf 86' lang='lat' dir='ltr'>jampridem</span> <span class='ocrx_word' id='word_1_166' title='bbox 346 3302 384 3365; x_wconf 83' lang='lat' dir='ltr'>ud</span> <span class='ocrx_word' id='word_1_167' title='bbox 408 3303 493 3367; x_wconf 87' lang='lat' dir='ltr'>hune</span> <span class='ocrx_word' id='word_1_168' title='bbox 518 3323 592 3365; x_wconf 90' lang='lat' dir='ltr'>cum</span> <span class='ocrx_word' id='word_1_169' title='bbox 617 3303 721 3388; x_wconf 91' lang='lat' dir='ltr'>ipsum</span> <span class='ocrx_word' id='word_1_170' title='bbox 740 3305 804 3386; x_wconf 88' lang='lat' dir='ltr'>(mc</span> <span class='ocrx_word' id='word_1_171' title='bbox 828 3311 934 3366; x_wconf 85' lang='lat' dir='ltr'>autem</span> <span class='ocrx_word' id='word_1_172' title='bbox 957 3301 1092 3383; x_wconf 81' lang='lat' dir='ltr'>dicebat)</span> <span class='ocrx_word' id='word_1_173' title='bbox 1110 3325 1197 3388; x_wconf 76' lang='lat' dir='ltr'>quee-</span> 
     </span>
     <span class='ocr_line' id='line_1_22' title="bbox 148 3411 1195 3516; baseline 0.004 -42"><span class='ocrx_word' id='word_1_174' title='bbox 148 3411 240 3476; x_wconf 86' lang='lat' dir='ltr'>dum</span> <span class='ocrx_word' id='word_1_175' title='bbox 231 3413 366 3491; x_wconf 86' lang='lat' dir='ltr'>rnstitui‚</span> <span class='ocrx_word' id='word_1_176' title='bbox 383 3436 453 3500; x_wconf 84' lang='lat' dir='ltr'>quae</span> <span class='ocrx_word' id='word_1_177' title='bbox 480 3421 513 3476; x_wconf 90' lang='lat' dir='ltr'>et</span> <span class='ocrx_word' id='word_1_178' title='bbox 538 3421 613 3476; x_wconf 86' lang='lat' dir='ltr'>sunt</span> <span class='ocrx_word' id='word_1_179' title='bbox 637 3433 750 3516; x_wconf 80' lang='lat' dir='ltr'>magna</span> <span class='ocrx_word' id='word_1_180' title='bbox 776 3417 860 3490; x_wconf 76' lang='lat' dir='ltr'>sanc,</span> <span class='ocrx_word' id='word_1_181' title='bbox 876 3421 909 3474; x_wconf 91' lang='lat' dir='ltr'>et</span> <span class='ocrx_word' id='word_1_182' title='bbox 936 3411 1085 3477; x_wconf 82' lang='lat' dir='ltr'>limantur</span> <span class='ocrx_word' id='word_1_183' title='bbox 1111 3416 1195 3478; x_wconf 75' lang='lat' dir='ltr'>ime</span> 
     </span>
     <span class='ocr_line' id='line_1_23' title="bbox 148 3505 1198 3611; baseline 0.005 -27"><span class='ocrx_word' id='word_1_184' title='bbox 148 3523 289 3608; x_wconf 76' lang='lat' dir='ltr'>politius.</span> <span class='ocrx_word' id='word_1_185' title='bbox 333 3523 379 3586; x_wconf 86' lang='lat' dir='ltr'>Et</span> <span class='ocrx_word' id='word_1_186' title='bbox 405 3545 476 3606; x_wconf 86' lang='lat' dir='ltr'>ego,</span> <span class='ocrx_word' id='word_1_187' title='bbox 504 3523 571 3586; x_wconf 82' lang='lat' dir='ltr'>Isto</span> <span class='ocrx_word' id='word_1_188' title='bbox 598 3505 770 3608; x_wconf 85' lang='lat' dir='ltr'>quidem,</span> <span class='ocrx_word' id='word_1_189' title='bbox 762 3543 900 3606; x_wconf 84' lang='lat' dir='ltr'>mquam,</span> <span class='ocrx_word' id='word_1_190' title='bbox 915 3521 1062 3604; x_wconf 83' lang='lat' dir='ltr'>Varro,</span> <span class='ocrx_word' id='word_1_191' title='bbox 1050 3547 1116 3611; x_wconf 80' lang='lat' dir='ltr'>Jum</span> <span class='ocrx_word' id='word_1_192' title='bbox 1144 3524 1198 3590; x_wconf 91' lang='lat' dir='ltr'>diu</span> 
     </span>
     <span class='ocr_line' id='line_1_24' title="bbox 152 3632 1195 3719; baseline 0.002 -23"><span class='ocrx_word' id='word_1_193' title='bbox 152 3643 329 3716; x_wconf 82' lang='lat' dir='ltr'>expectans,</span> <span class='ocrx_word' id='word_1_194' title='bbox 364 3655 443 3719; x_wconf 88' lang='lat' dir='ltr'>non</span> <span class='ocrx_word' id='word_1_195' title='bbox 464 3633 580 3696; x_wconf 84' lang='lat' dir='ltr'>audeo</span> <span class='ocrx_word' id='word_1_196' title='bbox 595 3643 705 3696; x_wconf 80' lang='lat' dir='ltr'>tamen</span> <span class='ocrx_word' id='word_1_197' title='bbox 734 3632 893 3716; x_wconf 81' lang='lat' dir='ltr'>flagitareJ</span> <span class='ocrx_word' id='word_1_198' title='bbox 931 3635 1035 3698; x_wconf 85' lang='lat' dir='ltr'>audivi</span> <span class='ocrx_word' id='word_1_199' title='bbox 1063 3635 1148 3700; x_wconf 92' lang='lat' dir='ltr'>cnim</span> <span class='ocrx_word' id='word_1_200' title='bbox 1171 3639 1195 3698; x_wconf 77' lang='lat' dir='ltr'>e</span> 
     </span>
     <span class='ocr_line' id='line_1_25' title="bbox 151 3692 1265 3834; baseline -0.001 -27"><span class='ocrx_word' id='word_1_201' title='bbox 151 3741 269 3807; x_wconf 80' lang='lat' dir='ltr'>Libone</span> <span class='ocrx_word' id='word_1_202' title='bbox 293 3751 414 3822; x_wconf 89' lang='lat' dir='ltr'>nostro,</span> <span class='ocrx_word' id='word_1_203' title='bbox 429 3692 524 3829; x_wconf 79' lang='lat' dir='ltr'>quus</span> <span class='ocrx_word' id='word_1_204' title='bbox 551 3743 635 3807; x_wconf 80' lang='lat' dir='ltr'>nosti</span> <span class='ocrx_word' id='word_1_205' title='bbox 659 3743 799 3807; x_wconf 89' lang='lat' dir='ltr'>studium</span> <span class='ocrx_word' id='word_1_206' title='bbox 817 3744 908 3828; x_wconf 90' lang='lat' dir='ltr'>(nihil</span> <span class='ocrx_word' id='word_1_207' title='bbox 935 3745 1020 3826; x_wconf 86' lang='lat' dir='ltr'>enim</span> <span class='ocrx_word' id='word_1_208' title='bbox 1041 3743 1199 3834; x_wconf 85' lang='lat' dir='ltr'>ejusmodi</span> <span class='ocrx_word' id='word_1_209' title='bbox 1262 3743 1265 3754; x_wconf 86' lang='lat'>&#39;</span> 
     </span>
     <span class='ocr_line' id='line_1_26' title="bbox 152 3843 1232 3936; baseline -0.004 -20"><span class='ocrx_word' id='word_1_210' title='bbox 152 3855 249 3916; x_wconf 85' lang='lat' dir='ltr'>celare</span> <span class='ocrx_word' id='word_1_211' title='bbox 272 3853 456 3936; x_wconf 85' lang='lat' dir='ltr'>possumus)</span> <span class='ocrx_word' id='word_1_212' title='bbox 479 3873 549 3916; x_wconf 90' lang='grc' dir='ltr'>ιιοιι</span> <span class='ocrx_word' id='word_1_213' title='bbox 576 3861 608 3916; x_wconf 88' lang='lat' dir='ltr'>te</span> <span class='ocrx_word' id='word_1_214' title='bbox 637 3875 673 3916; x_wconf 81' lang='lat' dir='ltr'>ea</span> <span class='ocrx_word' id='word_1_215' title='bbox 698 3853 918 3935; x_wconf 86' lang='lat' dir='ltr'>intermittere,</span> <span class='ocrx_word' id='word_1_216' title='bbox 944 3857 999 3920; x_wconf 87' lang='lat' dir='ltr'>sed</span> <span class='ocrx_word' id='word_1_217' title='bbox 1024 3843 1197 3922; x_wconf 74' lang='lat' dir='ltr'>accuratius</span> <span class='ocrx_word' id='word_1_218' title='bbox 1231 3907 1232 3912; x_wconf 73' lang='grc'>,</span> 
     </span>
     <span class='ocr_line' id='line_1_27' title="bbox 154 3962 1198 4052; baseline 0.006 -26"><span class='ocrx_word' id='word_1_219' title='bbox 154 3973 294 4042; x_wconf 81' lang='lat' dir='ltr'>tractore,</span> <span class='ocrx_word' id='word_1_220' title='bbox 310 3983 368 4026; x_wconf 83' lang='lat' dir='ltr'>nec</span> <span class='ocrx_word' id='word_1_221' title='bbox 383 3962 420 4026; x_wconf 90' lang='lat' dir='ltr'>de</span> <span class='ocrx_word' id='word_1_222' title='bbox 445 3963 590 4052; x_wconf 85' lang='lat' dir='ltr'>manibus</span> <span class='ocrx_word' id='word_1_223' title='bbox 613 3985 751 4049; x_wconf 81' lang='lat' dir='ltr'>unquam</span> <span class='ocrx_word' id='word_1_224' title='bbox 775 3965 941 4050; x_wconf 87' lang='lat' dir='ltr'>deponere.</span> <span class='ocrx_word' id='word_1_225' title='bbox 984 3964 1070 4030; x_wconf 92' lang='lat' dir='ltr'>Illud</span> <span class='ocrx_word' id='word_1_226' title='bbox 1092 3973 1198 4032; x_wconf 84' lang='lat' dir='ltr'>autem</span> 
     </span>
     <span class='ocr_line' id='line_1_28' title="bbox 151 4073 1199 4162; baseline 0.004 -24"><span class='ocrx_word' id='word_1_227' title='bbox 151 4075 228 4140; x_wconf 88' lang='lat' dir='ltr'>mihi</span> <span class='ocrx_word' id='word_1_228' title='bbox 254 4076 402 4140; x_wconf 84' lang='lat' dir='ltr'>antehoc</span> <span class='ocrx_word' id='word_1_229' title='bbox 427 4087 550 4161; x_wconf 84' lang='lat' dir='ltr'>tempus</span> <span class='ocrx_word' id='word_1_230' title='bbox 576 4097 733 4162; x_wconf 80' lang='lat' dir='ltr'>nunquam</span> <span class='ocrx_word' id='word_1_231' title='bbox 761 4075 790 4142; x_wconf 89' lang='lat' dir='ltr'>in</span> <span class='ocrx_word' id='word_1_232' title='bbox 807 4087 945 4143; x_wconf 87' lang='lat' dir='ltr'>mentem</span> <span class='ocrx_word' id='word_1_233' title='bbox 960 4073 1045 4138; x_wconf 88' lang='lat' dir='ltr'>venit</span> <span class='ocrx_word' id='word_1_234' title='bbox 1061 4077 1078 4137; x_wconf 72' lang='lat' dir='ltr'>o</span> <span class='ocrx_word' id='word_1_235' title='bbox 1094 4085 1125 4140; x_wconf 89' lang='lat' dir='ltr'>te</span> <span class='ocrx_word' id='word_1_236' title='bbox 1151 4101 1199 4148; x_wconf 86' lang='lat' dir='ltr'>rc-</span> 
     </span>
    </p>
   </div>
   <div class='ocr_carea' id='block_1_6' title="bbox 0 0 1489 4700">
    <p class='ocr_par' dir='ltr' id='par_1_6' title="bbox 0 0 1489 4700">
     <span class='ocr_line' id='line_1_29' title="bbox 0 0 1489 4700; baseline 0 0"><span class='ocrx_word' id='word_1_237' title='bbox 0 0 1489 4700; x_wconf 95' lang='lat' dir='ltr'> </span> 
     </span>
    </p>
   </div>
  </div>
 </body>
</html>
