2852 4700
540 287 593 388 Ep
611 285 748 371 mlo,
1099 291 1162 376 iffi
1283 285 1286 292 ’

99 481 223 537 arcem
244 457 500 552 Capitoliumque
521 459 742 534 conscendere.
789 457 867 551 [Iba]
881 463 982 540 ¹turba
1001 463 1160 542 seniorum

101 573 290 640 adventum
301 571 442 641 hostium
456 572 619 649 obstinato
632 571 672 638 ad
682 579 817 646 mortem
829 573 935 643 animo
950 577 1161 660 exspectabat.

102 683 183 756 Qui
207 703 318 752 eorum
341 687 466 752 curules
489 688 649 772 gesserant
675 684 887 776 magistratus,
911 685 982 751 ιιι
972 707 1004 752 ιιι
1025 688 1160 759 fortunis

103 799 264 887 pristina
289 795 506 912 honorumque
529 807 584 868 aut
609 795 732 868 virtutis
756 795 932 884 insignibus
952 808 1164 892 morerentur,
1262 779 1265 790 ¹

104 933 190 998 quae
205 891 431 1002 augustissima
444 907 541 978 vestis
558 917 607 978 est
622 907 749 980 thensas
764 907 950 980 ducentibus
965 908 1167 1009 triumphem,

104 1021 258 1102 tibnsve,
287 1023 325 1088 et
351 1017 457 1089 restiti
485 1015 590 1088 medio
616 1015 729 1085 redium
757 1017 902 1090 eburneis
928 1018 1016 1096 sellis
1041 1021 1162 1096 sedere.
1179 1025 1182 1032 ’

105 1131 218 1224 Galli,
234 1139 269 1198 et
275 1130 383 1258 quia,
392 1129 580 1228 interpositi
599 1141 705 1212 nocte,
726 1131 745 1200 l
765 1130 966 1210 contentione
981 1157 1143 1228 pugnae
1111 1155 1162 1200 re-

101 1243 270 1334 miserant
284 1241 416 1338 mimos,
440 1251 473 1308 et
487 1239 572 1334 qubd
586 1265 644 1310 nec
660 1243 691 1308 in
706 1242 772 1338 acie
795 1243 927 1332 ancipiti
943 1267 1076 1338 usquam
1094 1269 1161 1314 cer·

107 1361 264 1447 taverant
286 1350 409 1480 prelio,
432 1375 492 1421 nec
514 1353 581 1442 tum
606 1353 728 1442 impetu
742 1363 797 1418 aut
816 1376 848 1420 vr
837 1353 1025 1440 capiebant
1038 1358 1162 1438 urbem,
1254 1342 1259 1353 ⁵

105 1464 185 1536 sine
200 1463 304 1556 irt,
279 1487 346 1537 smc
360 1462 470 1530 ardore
476 1461 671 1560 animorum,
683 1461 818 1552 ingressi
831 1472 960 1552 postero
976 1465 1025 1530 die
1041 1466 1163 1546 urbem,

105 1585 249 1662 patente
264 1573 390 1671 Collina
403 1573 557 1662 portt,1n
572 1573 677 1640 lorum
691 1573 889 1684 perveniunt,
903 1569 1162 1654 circumferentes

106 1683 232 1754 oeulos
247 1683 287 1756 ad
301 1685 427 1771 templa
441 1683 561 1780 Detur,
576 1706 742 1778 arcemque
757 1685 854 1750 solam
870 1685 947 1750 belli
960 1683 1099 1792 speciem
1114 1685 1162 1752 te·
1210 1713 1216 1720 ·

107 1803 260 1866 nentem.
305 1791 395 1875 inde,
409 1792 534 1860 modico
549 1795 661 1868 relicto
674 1794 832 1882 praesidio,
851 1798 904 1884 (ne
920 1795 991 1892 qnis
1016 1796 1047 1864 ln
1071 1795 1162 1870 dissi-

109 1917 211 1998 patos
227 1927 269 1972 er
283 1926 353 1972 arce
367 1915 423 1974 aut
436 1903 622 2002 Capitolio
613 1915 751 1996 impetus
772 1903 886 2014 fieret)
904 1905 1015 1998 dilapsi
1030 1907 1069 1974 ad
1081 1931 1162 2006 pras·

108 2019 189 2086 dam
215 2015 323 2108 vacuis
343 2037 478 2082 occursu
496 2014 709 2082 hominum
680 2016 748 2100 uris,
763 2039 835 2114 pars
856 2017 891 2083 in
914 2019 1058 2108 proxima
1074 2043 1161 2112 qna-

110 2152 181 2222 que
196 2129 357 2200 tectorum
378 2125 501 2218 agmine
514 2137 632 2212 ruunt3
648 2150 720 2216 pars
736 2128 859 2212 ultima,
872 2133 959 2205 velut
979 2155 1017 2198 ea
1034 2127 1163 2206 demum
1215 2115 1217 2126 Α

108 2243 240 2336 intacta
253 2248 287 2304 et
300 2241 415 2312 referta
429 2239 546 2332 prredd,
560 2248 688 2327 petunt.
731 2239 809 2310 lude
838 2262 945 2322 rursus
964 2241 1035 2330 ipsi
1048 2239 1162 2308 solitu·

110 2351 190 2426 dine
205 2327 364 2416 abstersit
340 2357 382 2430 tr,
395 2371 435 2418 ne
449 2371 511 2440 qua
524 2351 608 2416 fraus
623 2341 756 2420 hostilis
764 2372 859 2438 vagos
875 2349 1044 2440 exciperet,
1059 2351 1092 2418 in
1113 2355 1162 2424 io·

110 2485 186 2532 rum
204 2484 242 2529 ac
256 2460 463 2560 propinqua
449 2461 519 2525 foro
539 2463 609 2525 loen
634 2459 816 2546 conglobati
839 2461 1001 2550 redibant·
1026 2461 1080 2526 ubi
1095 2483 1162 2543 eos,

109 2571 221 2661 plebis
237 2570 376 2642 edificiis
397 2571 561 2662 obseratis,
581 2571 763 2666 patentibus
783 2573 870 2638 atriis
891 2573 1079 2666 principum,
1095 2593 1162 2638 rna-

108 2683 166 2776 jor
180 2687 283 2774 prope
295 2681 458 2753 cunctatio
473 2666 600 2761 tenebat
614 2666 733 2778 aperta,
749 2687 843 2776 quim
858 2687 964 2756 clausa
987 2683 1162 2772 invadendi.

110 2797 209 2866 Adeo
223 2793 413 2891 haudseens
428 2797 523 2882 quim
538 2797 749 2890 venerabundi
765 2799 969 2872 intuebantur
989 2800 1022 2870 in
1046 2799 1162 2884 aedium
1199 2855 1200 2858 ,

112 2905 286 2975 vestibulis
301 2903 445 2994 sedentes
460 2905 555 2992 viros,
570 2917 686 3010 praeter
701 2917 846 2974 ornatum
870 2909 1162 3002 habitumqnehu·

111 3041 213 3110 mano
228 3017 455 3112 augustiorem,
468 3017 633 3120 majestate
648 3017 754 3108 etiam,
770 3041 863 3109 quem
878 3022 984 3088 vultus
1004 3019 1159 3108 gravitas-

112 3153 180 3220 que,
202 3129 266 3196 oris
288 3150 353 3220 prm
375 3152 408 3194 se
430 3129 559 3212 terebat,
579 3129 761 3212 simillimos
783 3129 867 3200 Diis.
911 3124 962 3198 Ad
984 3153 1049 3214 eos,
1065 3127 1162 3208 veluti

113 3237 319 3322 simulachra,
341 3240 424 3308 versi
445 3261 542 3330 quum
566 3225 696 3324 starent,
718 3239 769 3308 M.
793 3241 966 3332 Papirius
952 3265 1032 3311 unus
1049 3263 1092 3308 ex
1109 3241 1160 3312 his

112 3354 233 3420 dicitur
246 3351 343 3426 Gallo
357 3352 484 3426 barbam
495 3373 629 3440 suam,
620 3362 658 3418 ut
673 3363 741 3420 tum
757 3353 901 3418 omnibus
914 3354 1069 3440 promissa
1083 3364 1160 3441 erat,
1176 3399 1178 3403 ,

114 3463 343 3553 permulcenti,
369 3455 514 3556 scipione
534 3464 671 3532 eburneo
694 3465 725 3530 in
743 3475 837 3550 caput
860 3464 985 3532 incusso
1000 3467 1076 3540 iram
1092 3490 1160 3544 mo·

113 3557 225 3662 vissep
248 3583 343 3664 atque
358 3577 397 3642 ab
412 3596 450 3644 eo
466 3574 592 3640 initium
614 3575 709 3642 caedis
733 3559 849 3665 ortum,
869 3589 1000 3656 caeteros
1023 3580 1055 3644 in
1077 3576 1159 3642 sedi·
1222 3565 1225 3637 ¹.

113 3689 177 3752 bus
193 3685 260 3750 suis
275 3683 458 3752 trucidatos.
503 3684 581 3750 Post
595 3686 770 3773 principum
792 3688 922 3768 eaedem,
945 3690 1026 3754 nulli
1048 3685 1158 3771 deinde

115 3796 307 3886 mortalium
315 3795 413 3891 parci,
428 3795 521 3886 diripi
536 3805 629 3878 tecta,
644 3796 802 3887 exhaustis
818 3795 904 3895 injici
920 3799 1020 3886 ignes,
1053 3869 1056 3874 ,
