2914 4706
371 1111 407 1198 .·
451 991 453 1006 '
493 991 1038 1200 meramnum

625 1421 910 1561 Ριιιιιοζ

430 1859 722 1954 naevorum
737 1885 846 1985 Ense.
860 1891 919 1960 VI.
940 1891 1011 1959 Lib.
1027 1893 1054 1960 Ι.

257 2061 397 2132 Tatium
417 2078 527 2149 monet,
540 2069 648 2152 lpamn,
663 2075 801 2157 camapio
819 2097 885 2155 arro,
899 2078 931 2140 in
948 2075 1042 2172 sylvis
1058 2095 1160 2162 potue
1156 2007 1289 2146 mmm

278 2207 280 2214 v
326 2194 329 2202 ’
581 2183 727 2246 &voturi
737 2187 1007 2266 percontanda·
1161 2206 1166 2217 ¹
1205 2214 1218 2228 ··
1305 2225 1308 2234 ·

358 2309 397 2432 e.
415 2299 594 2437 eunius
627 2368 857 2444 conuento
878 2318 1043 2439 recino
1065 2338 1133 2443 εἰσ
1155 2319 1253 2444 S.‘''
1204 2408 1211 2434 „
1281 2343 1283 2352 ’

185 2491 484 2622 RIDEBIS,
500 2550 532 2605 et
552 2541 628 2606 licet
653 2537 762 2608 rideas
804 2538 879 2628 Ego
894 2544 946 2608 ille
947 2565 1066 2630 ,quem
1081 2541 1177 2624 nbsti,
1195 2564 1292 2630 apros

252 2671 327 2744 tres,
343 2669 376 2726 et
391 2659 516 2748 quidem
540 2653 780 2750 pulcherrimos,
795 2665 875 2752 cepi.
912 2662 1049 2760 lpsel'
1040 2652 1152 2754 rnqiiib.
1196 2657 1290 2751 lpse.

168 2755 171 2767 ¹
248 2795 313 2838 oon
329 2781 432 2836 tamen
448 2781 484 2836 ut
498 2773 625 2838 omninb
640 2775 679 2840 ab
694 2773 806 2842 inertib
820 2779 890 2840 met
906 2787 939 2841 et
954 2777 1060 2864 quiete
1075 2760 1288 2841 discederem:

248 2881 288 2946 ad
302 2881 381 2947 retia
406 2881 569 2950 sedebam·
591 2883 712 2948 erant
702 2907 735 2948 ιιι
757 2883 912 2972 proximo,
934 2909 997 2950 non
1021 2883 1210 2950 venabulum
1233 2895 1290 2950 aut

247 2996 364 3075 lancea,
380 2991 435 3058 sed
459 2993 550 3058 stilus
574 3001 608 3058 et
629 2993 812 3080 pugillares.
856 2995 1034 3062 Meditabar
1047 2991 1165 3082 aliquid
1180 3005 1291 3060 enota-

191 3153 199 3170 .
246 3107 392 3192 bamque,
408 3115 444 3169 ut
459 3105 492 3172 si⁴
509 3126 619 3170 manus
634 3125 757 3187 vacuas,
772 3107 880 3190 plenas
906 3116 1011 3170 tamen
1034 3125 1119 3170 ceras
1134 3115 1290 3191 ‘reporta-

248 3239 326 3282 rem.
390 3215 467 3281 Non
496 3225 556 3298 est,
586 3215 671 3302 qubd
699 3225 882 3282 contemnas
911 3217 972 3282 hoc
1003 3215 1148 3280 studendi
1176 3235 1288 3300 genus.

246 3327 366 3394 Mirum
387 3334 446 3408 est,
462 3338 498 3393 ut
522 3328 645 3394 animus
668 3327 840 3414 agitatione
867 3336 1020 3416 motuque
1045 3327 1187 3414 eorporis
1202 3327 1288 3392 exei-

246 3448 342 3506 tetur.
385 3439 458 3504 Jam
474 3439 609 3526 undique
625 3440 720 3525 sylvae
744 3449 778 3503 et
800 3436 1128 3523 solitudo„ipsumque
1143 3435 1221 3502 illud
1243 3437 1287 3501 si-

247 3550 393 3632 lentium,
409 3554 494 3637 quod
517 3551 676 3617 venationi
699 3551 802 3631 datur,
815 3571 930 3636 magna
951 3547 1151 3634 cogitationis
1173 3548 1287 3614 ¹incita-

244 3674 357 3737 menta
365 3671 451 3747 sunt.
495 3663 629 3731 Proinde
652 3684 751 3750 quum
766 3663 931 3744 venabere,
946 3659 1063 3742 licebit,
1077 3669 1207 3726 auctore
1222 3683 1286 3744 me,

245 3785 283 3848 ut
307 3775 469 3864 panarium
498 3785 532 3838 et
561 3775 774 3860 lagunculam,
802 3775 847 3839 sic
874 3773 967 3838 etiarn
995 3769 1168 3862 pugillares
1194 3771 1211 3834 f

245 3887 423 3974 Experieria
447 3911 509 3954 non
523 3885 660 3953 Dianam
685 3889 785 3972 magis
809 3885 981 3966 montibus,
998 3885 1092 3971 qutbm
1107 3793 1286 3950 mmm

242 3998 385 4068 inerrare.
428 3983 516 4066 Vale.
1100 4008 1103 4016 ’
