2852 4714
433 345 445 366 ⁸
542 347 595 432 nl
616 317 763 432 mvui.¹
924 327 927 338 ’
1094 321 1162 432 '19'5

115 527 170 606 tei
185 538 253 627 jam
271 541 380 628 consul¹
395 521 591 626 dictatorque
604 537 717 621 fuerat,
732 547 843 603 vocato
858 539 1018 622 extemplb
1040 515 1162 616 senatu,

117 671 219 736 quum
242 648 380 712 maxime
405 657 647 734 conquereretur
671 648 754 734 apud
770 647 878 713 Patres
893 647 956 712 vim
971 655 1063 732 atque
1076 645 1162 733 inju-

115 761 195 824 riam
208 757 382 838 dictatoris,
397 763 527 842 repente
543 756 692 844 strepitus
707 769 779 823 ante
793 759 909 824 curiam
924 758 1071 823 lictorum
1085 759 1159 820 sub-

116 865 315 932 moventium
344 867 495 949 auditur}
525 879 558 937 et
587 868 653 954 ipse
684 868 824 934 infensus
853 871 969 950 aderat,
996 861 1163 955 postquam

20 1025 24 1032 .
117 973 274 1060 comperit
290 978 468 1060 profectum
483 1001 522 1044 ex
537 979 658 1058 castris,
671 1003 742 1044 curn
756 981 902 1067 expedito
917 982 1058 1067 equitatu
1069 982 1160 1044 secuss

122 1099 186 1152 tus.
231 1088 348 1151 iterata
371 1087 482 1152 deinde
505 1071 678 1170 contentioj
695 1099 727 1154 et
749 1090 859 1176 prendi
874 1093 1005 1157 Fabium
1021 1089 1162 1178 Papirius

33 1246 36 1256 .
116 1195 229 1284 jussit.
252 1195 317 1261 Ubi
332 1219 443 1284 quum,
458 1199 695 1286 deprecantibus
709 1202 895 1286 primoribus
911 1201 1051 1281 Patrum,
1067 1205 1161 1286 atque

121 1309 270 1371 universo
285 1318 405 1410 penatu,
430 1322 584 1395 perstaret
599 1312 631 1373 in
658 1297 783 1394 incepto
804 1307 931 1374 immitis
956 1311 1098 1390 animus3
1123 1304 1163 1372 eir

120 1417 263 1482 curit'in
286 1418 471 1484 concionem
494 1419 567 1485 itur.
612 1421 684 1488 Qun
707 1433 778 1484 cum
802 1422 907 1504 paucis
929 1423 1073 1500 dictator,
1088 1442 1164 1484 curn

120 1529 214 1592 'omni
229 1529 353 1612 agmine
376 1527 553 1615 principum
578 1531 725 1613 magister
739 1531 879 1615 equitum
895 1553 993 1616 quum
1008 1512 1164 1592 ascendisss
1182 1528 1184 1536 ’

121 1643 180 1720 set,
203 1639 316 1704 deduci
337 1663 409 1704 eum
434 1640 471 1703 de
493 1641 602 1704 rostris
626 1628 769 1726 Papirius
790 1643 820 1705 in
837 1652 957 1725 partem
981 1637 1164 1706 inferiorem

119 1748 227 1835 jussit.
273 1753 409 1814 Secutus
430 1759 530 1836 puter,
553 1751 638 1813 Bene
659 1752 739 1835 (egle,
755 1751 869 1838 inquit,
884 1773 974 1834 quum
989 1751 1023 1814 cb
1045 1739 1101 1814 noi
1112 1745 1164 1812 ‹tc-¹

124 1861 194 1924 daci
204 1858 339 1944 jussisti,
360 1863 440 1925 unde
461 1872 490 1924 et
509 1863 625 1944 privati
645 1885 746 1926 uocem
766 1861 883 1925 mittere
900 1883 1066 1946 possemus.
1117 1853 1168 1926 lbl

124 1971 227 2056 primb'
242 1994 306 2035 non
323 1981 387 2034 tam
402 1967 562 2058 perpetuae
582 1973 750 2055 orationes,
773 1978 866 2060 quam
882 1966 1054 2054 altercati0,
1068 1997 1164 2070 exau-

124 2081 298 2147 diebantur.
342 2083 428 2147 Vicit
451 2085 561 2148 deinde
582 2087 747 2170 strepitum
768 2109 829 2150 vox
844 2096 877 2150 ct
891 2084 1062 2180 indignatin
1077 2084 1166 2150 Fabii

125 2191 220 2270 senis,
236 2191 425 2275 increpantis
440 2191 616 2278 superbiam
633 2197 910 2283 crudelitatemque
922 2197 1055 2283 Papirii:
1076 2186 1168 2280 [Qaae

124 2303 239 2388 onarriu]
258 2299 354 2366 simul
377 2301 519 2390 jurgans
543 2329 687 2390 querens,
702 2307 808 2370 Deum
829 2307 1053 2392 hominumque
1075 2305 1168 2370 fidem

124 2415 299 2495 obtestans,
314 2423 346 2477 et
360 2418 543 2500 complexus
560 2416 672 2496 filium,
687 2416 831 2502 plurimis
847 2437 919 2480 cum
934 2414 1077 2500 lacrymis
1092 2419 1165 2499 age-

126 2525 191 2590 bat.
919 2518 924 2528 “

171 2735 283 2798 Stabat
302 2755 375 2798 cum
398 2757 437 2814 eo
461 2741 588 2798 senatus
608 2734 766 2821 majestas,
788 2738 874 2800 lavor
893 2736 1013 2822 populi,
1036 2735 1167 2802 tribuni·

128 2846 211 2910 tium
225 2845 391 2924 auxilium,
407 2845 557 2910 memoria
569 2845 706 2910 absentis
721 2847 885 2912 exercitlls.

174 3055 347 3138 Stupentes
373 3053 516 3118 tribunos
542 3063 575 3118 et
600 3077 688 3120 suam
711 3054 777 3144 jam
805 3055 903 3119 vicem
926 3054 1026 3138 magis
1049 3053 1170 3133 anxios,

131 3167 227 3248 quarn
244 3164 324 3251 ejus,
347 3165 399 3229 cui
420 3165 571 3229 auxilium
593 3169 631 3230 ab
658 3186 692 3230 se
716 3167 890 3252 petebatur,
912 3165 1054 3229 liberavit
1075 3187 1170 3230 onere

131 3279 306 3340 consensus
326 3277 436 3360 populi
458 3277 603 3355 Romani,
623 3277 662 3340 ad
675 3296 783 3361 preces
799 3287 831 3339 ct
846 3277 1086 3339 obtestationem
1101 3259 1169 3340 vei-

131 3407 197 3467 sus,
219 3397 256 3451 ut
281 3386 341 3451 sibi
360 3409 489 3472 poenam
508 3386 651 3470 magistri
674 3389 816 3470 equitum
838 3377 970 3451 dictator
988 3381 1171 3452 remitteret

130 3497 264 3562 Tribuni
282 3521 408 3584 quoque
422 3497 601 3564 inclinatam
622 3519 688 3562 rem
711 3497 743 3561 in
765 3517 873 3581 preces
894 3497 1062 3577 subsecuti,
1084 3519 1172 3562 orare

131 3607 316 3673 dictatorem
345 3607 506 3687 insistunt,
534 3617 570 3671 ut
598 3606 720 3670 veniam
748 3605 844 3670 errori
870 3589 1029 3691 humanm
1046 3610 1169 3673 veniam

129 3716 351 3780 adolescentie
374 3715 415 3785 Q.
433 3715 519 3780 Fabii
541 3716 647 3796 darct3
674 3705 749 3780 satis
765 3739 837 3780 eum
858 3740 1023 3802 poenarum
1039 3707 1173 3782 dedisse*

130 3829 202 3894 Jam
218 3825 287 3910 ipse
302 3825 492 3905 adolescens,
510 3824 577 3912 jam
591 3835 680 3912 pater
695 3827 743 3891 M.
756 3827 870 3892 Fabius
886 3828 1097 3894 contentionis
1113 3825 1170 3891 ob'-

128 3937 188 4015 liti‚
215 3937 420 4022 procumbere
446 3937 485 4000 ad
510 3957 623 4022 genua,
649 3948 682 4004 et
708 3938 784 4002 iram
809 3925 977 4026 deprecari,
998 3937 1167 4007 dictatoris.

126 4047 213 4118 Tum
232 4047 378 4129 dictator,
402 4046 527 4116 silentio
547 4051 641 4129 lacto,
657 4051 741 4116 Bene
755 4053 855 4134 tabet,
882 4053 995 4142 inquit,
1023 4052 1166 4130 Quirites.

607 4161 686 4223 002
