2852 4714
251 319 312 391 rol
379 301 384 311 '
661 319 715 384 aa
737 319 873 424 muro,

291 491 450 584 Clamore
466 493 535 556 tota
550 489 701 556 concione
716 501 817 572 ortus,
831 493 883 570 utl-
894 491 1013 554 bonum
1028 487 1169 556 animum
1190 488 1291 553 lrabe-

249 613 319 686 ret3
343 603 499 670 neminem
513 604 561 668 illi
581 602 645 668 vim
668 605 849 682 allaturum,
870 601 964 668 salvis
980 599 1156 686 legionibus
1172 599 1299 663 Roma«

250 711 310 778 uis.
354 713 453 778 Haud
473 713 576 778 multo
598 712 671 796 post
692 711 826 776 dictator
845 702 990 794 advenit,
1017 711 1212 796 classicoque
1236 733 1297 774 ex-

248 824 369 910 templo
399 825 439 888 ad
468 823 651 888 concionem
682 823 853 888 advocavit.
906 824 1002 904 Tum,
1034 823 1161 888 silentio
1193 825 1297 902 lacto,

141 926 145 938 ⁸
248 957 356 1022 praeco
374 933 418 1004 Q.
433 932 567 998 Fabium
588 933 772 1020 magistrum
797 933 938 1018 equitum
959 932 1076 998 citavit.
1130 919 1297 997 Adversus-

187 1081 189 1086 ·
253 1043 513 1132 {umbrationem}
530 1065 629 1129 quum
645 1043 832 1128 respondere
845 1043 929 1108 baud
941 1043 1033 1110 facile
1046 1051 1141 1122 esset,
1157 1053 1190 1107 et
1205 1065 1297 1108 nune

250 1163 441 1242 quereretur,
453 1153 586 1220 eundem
597 1165 810 1220 accusatorem
823 1155 933 1240 capitis
945 1155 995 1218 sui
1006 1177 1042 1218 ae
1050 1153 1191 1240 judicem
1203 1176 1296 1236 esse3

249 1265 356 1346 modo,
380 1265 476 1330 vitam
497 1264 556 1330 sibi
579 1263 660 1349 eripi
683 1264 776 1328 eitius
797 1267 891 1351 quam
911 1264 1043 1349 gloriam
1067 1286 1171 1328 rerum
1186 1274 1299 1348 gesta-

249 1397 319 1442 rum
339 1397 445 1462 posse,
463 1375 704 1455 vociferaretur3
726 1384 937 1460 purgaretque
955 1396 989 1438 se
1010 1373 1042 1438 in
1063 1373 1175 1452 vicem,
1196 1383 1295 1456 atque

250 1467 334 1552 ultrb
356 1497 540 1554 accusaret:
572 1496 651 1550 tunc
674 1485 828 1571 Papirius,
852 1483 1059 1568 redintegrata
1080 1483 1137 1562 iri,
1160 1484 1293 1568 spoliari

249 1596 436 1682 magistmm
459 1595 614 1680 equitum,
636 1615 673 1658 ac
694 1593 796 1677 virgas
819 1603 852 1656 et
874 1615 998 1659 secures
1022 1591 1165 1678 expediri
1181 1591 1296 1680 jussit.

250 1703 376 1784 Fabius,
392 1703 485 1768 tidem
508 1701 655 1766 militum·
669 1702 854 1786 implorans,
877 1703 1082 1768 lacerantibus
1098 1713 1219 1768 vestem
1235 1706 1298 1770 lic-

249 1815 383 1894 toribus,
402 1813 442 1876 ad
456 1812 591 1891 triarios,
613 1813 787 1876 tumultum
804 1811 871 1898 jam
901 1811 935 1876 in
950 1814 1099 1878 concione
1114 1815 1299 1896 miscentes,

251 1945 320 1998 sese
335 1923 466 2010 recepit.
509 1921 587 1988 Inde
602 1925 721 1988 clamor
745 1924 777 1987 in
802 1935 900 1988 totam
917 1925 1102 1990 concionem
1117 1937 1166 1994 est
1191 1931 1297 2012 perla·
1365 2013 1368 2020 Ι

250 2047 325 2106 rus:
346 2037 422 2102 alibi
449 2057 571 2122 preces,
593 2035 668 2100 alibi
698 2036 793 2099 minae
816 2037 1031 2102 audiebanturr
1074 2038 1138 2106 Qui
1160 2039 1299 2124 proximi

251 2151 333 2214 forte
357 2146 494 2212 tribunal
516 2155 679 2223 steterant,
703 2147 774 2230 quia
810 2145 944 2233 subjecti
971 2147 1071 2210 oculis
1099 2147 1297 2230 imperatoris

252 2255 401 2320 noscitari
426 2264 584 2342 poterant,
600 2257 739 2335 orabant,
757 2265 793 2319 ut
816 2268 956 2340 parceret
970 2258 1122 2342 magistro
1136 2258 1298 2342 equitum,

250 2363 314 2432 nisu
329 2389 403 2432 curn
418 2391 456 2432 eo
471 2367 645 2432 exercitum
661 2367 831 2433 damnaret.
876 2369 1027 2434 Extrema
1043 2371 1155 2435 concio
1167 2382 1200 2436 et
1214 2373 1304 2440 circa

251 2465 383 2544 Fabium
408 2479 522 2562 globus
547 2476 747 2560 increpabant
773 2478 993 2543 inclementem
1010 2481 1212 2563 dictatorem3
1236 2506 1298 2548 nec

252 2592 362 2674 procul
386 2589 540 2653 seditione
555 2590 691 2652 oberant.
735 2591 787 2652 Ne
802 2590 938 2653 tribunal
966 2591 1089 2675 quidem
1106 2591 1181 2654 satis
1202 2593 1297 2678 qnie-

252 2709 321 2764 tum
342 2709 419 2766 erat.
463 2700 585 2782 Legati,
611 2700 849 2764 circumstantes
870 2703 991 2780 sellam,
1012 2704 1151 2780 orabant,
1171 2712 1207 2766 ut
1227 2725 1298 2768 rem

252 2809 284 2872 in
311 2820 473 2894 posterum
489 2810 571 2874 diem
587 2811 735 2891 dili'erret,
753 2823 785 2876 et
801 2811 854 2876 irre
870 2835 936 2878 suae
953 2814 1099 2900 spatium,
1114 2823 1147 2878 et
1161 2816 1299 2880 consilio

252 2927 378 3004 tempus
395 2918 492 2984 daret.

294 3127 402 3196 Quum
418 3125 448 3190 in
474 3147 507 3188 se
531 3125 630 3212 magis
655 3126 819 3193 incitarent
844 3131 1039 3212 dictatorem,
1055 3137 1149 3218 quim
1174 3133 1207 3198 in
1227 3155 1298 3200 ma·

218 3241 220 3248 ⁴
250 3238 387 3327 gistrum
409 3235 551 3322 equitum
579 3239 750 3321 placarent,
774 3240 855 3326 jussi
878 3243 915 3306 de
939 3245 1086 3311 tribunali
1108 3244 1299 3312 descendere

142 3353 145 3364 '
252 3345 347 3444 legati
357 3371 368 3425 3
402 3356 445 3445 et,
471 3347 607 3429 silentio
626 3350 834 3448 nequicquam
864 3375 919 3438 per
947 3377 1123 3440 praeconem
1153 3365 1292 3436 tentato,

251 3478 361 3542 quum,
377 3479 442 3542 prae
468 3459 600 3543 strepitu
615 3482 650 3523 ac
675 3465 824 3543 tumultu,
841 3488 898 3528 nec
921 3466 1019 3550 ipsius
1040 3465 1211 3544 delatoris,
1232 3489 1295 3532 nec

251 3567 462 3652 apparitorum
479 3568 506 3654 ej
513 3591 559 3650 ns,
576 3592 636 3634 vox
652 3573 810 3638 audiretur
819 3599 829 3654 ;
852 3596 927 3653 nox,
942 3576 1028 3638 velut
1044 3575 1074 3638 in
1089 3575 1209 3659 praelio,
1225 3597 1298 3640 cer-

251 3676 361 3744 tamini
386 3678 479 3742 finem
496 3681 581 3744 lecit.
626 3681 780 3766 Magister
795 3684 949 3768 equitum,
968 3683 1076 3770 jussus
1092 3695 1220 3770 postero
1241 3686 1294 3750 die

250 3789 370 3868 adesse,
396 3811 492 3873 quum
520 3812 628 3854 omnes
654 3794 853 3884 affirmarent,
880 3793 1027 3858 infestius
1053 3793 1209 3878 Papirium
1236 3817 1294 3859 ex·

251 3913 408 4010 arsurum,
422 3898 574 3983 agitatum
591 3903 793 3966 con-tentione
810 3880 888 3988 ipsa,
903 3905 1194 3989 exacerbatumque,
1212 3907 1297 3976 clam

252 4032 291 4074 ex
305 4009 413 4076 castris
427 4009 560 4088 Romam
575 4013 737 4097 profugit,
753 4024 795 4093 et,
812 4024 901 4098 patre
916 4026 1043 4100 auctore
1056 4017 1105 4082 M.
1117 4017 1227 4098 Fabio,
1237 4021 1298 4106 qui·
