2862 4710
492 343 543 408 Ea
564 339 804 408 cremnon-E.
1100 347 1163 416 uu

7 477 9 484 Ι
124 517 318 607 pereundum
335 514 479 580 materies
501 470 762 598 dignataeultete
777 523 810 578 et
823 513 915 598 oopid
928 520 993 582 tud.
1035 517 1162 605 Appia.

126 630 218 716 oipio
237 629 321 693 enim
335 625 571 711 'conjurationis
593 641 693 710 usque
714 626 752 688 ed
775 625 908 702 reditum
924 636 1065 690 nostrum
1081 629 1166 694 vide-

127 752 183 806 tur
204 740 281 804 mihi
303 738 461 812 modicum
484 735 639 822 quoddam
662 757 776 820 corpus
792 735 901 800 confici
919 757 1033 822 posset
1055 738 1088 802 in
1103 761 1166 826 quo
1218 779 1221 785 =
1314 749 1316 754 ’

128 862 167 915 et
182 850 243 914 trlc
264 849 381 934 poteris
402 847 456 912 uti
485 845 624 909 civilium
646 846 929 910 commutationum
954 847 1095 930 scientia,
1117 852 1167 916 vel

129 961 167 1034 in
192 959 380 1045 explicandis
403 956 509 1021 causis*
525 973 629 1019 rerum
657 975 817 1034 novarum,
840 957 889 1019 vel
909 957 940 1020 in
953 959 1098 1023 remediis
1119 947 1182 1026 in·'
1260 1031 1266 1044 ,

130 1072 394 1149 commodorum
420 1069 494 1130 cum
519 1076 553 1130 et
574 1064 780 1150 reprehendes
804 1086 851 1144 ea,
875 1087 947 1150 quae
968 1067 1170 1154 vituperando

129 1182 236 1260 duces,
261 1189 298 1257 et·
316 1200 387 1263 quae
410 1179 588 1262 placebunt,
613 1175 804 1260 exponendis
821 1177 1000 1241 ‘rationibus
1013 1173 1167 1268 compro-

128 1291 243 1372 bubie3
267 1290 339 1356 etsi
356 1290 493 1368 liberius,
514 1297 551 1351 ut
572 1286 742 1366 consuesti,
766 1287 919 1370 agendum
933 1290 1068 1372 putabis,
1084 1295 1169 1357 mui-

132 1411 239 1466 torum
270 1400 309 1463 in>
332 1421 390 1464 noe
412 1397 593 1484 perfidiam,
631 1396 766 1476 insidiae,
795 1398 1004 1482 proditionem
1034 1403 1169 1468 notabis.

131 1511 270 1576 Multam
294 1511 391 1575 etiem
419 1531 508 1574 casus
534 1509 635 1572 nostri
663 1509 719 1572 tibi
745 1509 924 1572 varietatem
949 1510 981 1573 in
1005 1511 1173 1578 scribendo

131 1621 392 1707 suppeditabunt,
421 1621 547 1704 pienum
572 1617 734 1704 cujusdam
765 1619 946 1703 voluptatis,
977 1641 1047 1704 quae
1075 1621 1171 1686 vehe-

131 1743 254 1798 menter
277 1731 398 1796 animos
427 1729 591 1798 hominum
619 1729 650 1792 in
679 1727 823 1812 legendo,
851 1738 883 1791 te
905 1727 1066 1812 scrIptore,
1096 1732 1172 1795 reti-

131 1849 208 1910 nere
228 1842 339 1927 possit.
383 1840 473 1906 Nihil
497 1851 546 1904 est
569 1840 652 1904 enim
671 1839 773 1924 aptius
794 1839 832 1902 ad
852 1839 1090 1906 delectationem
1107 1845 1173 1908 lec·
1232 1891 1235 1900 .

67 1998 70 2008 ,
132 1952 220 2031 torio,
234 1933 337 2036 ‘quam
361 1951 735 2034 temporum-varietates,
760 1953 958 2034 fortuneque
983 1951 1172 2018 vicissitudi-

135 2082 213 2140 nes3
229 2082 309 2146 quae
331 2061 390 2124 etsi
411 2060 500 2124 nobis
522 2060 674 2145 optabiles
696 2061 728 2123 in
748 2059 939 2145 experiendo
954 2083 1018 2128 non
1032 2055 1172 2147 fuerunt,

137 2170 169 2236 iu
191 2171 323 2254 legendo
346 2174 450 2234 tamen
472 2180 565 2234 erunt
582 2170 743 2256 jucunder
789 2173 896 2236 Habet
918 2174 1002 2238 enim
1025 2177 1177 2260 preteriti

136 2279 253 2344 doloris
292 2299 400 2342 secura
428 2279 600 2344 recordatio
629 2279 878 2343 delectationem.
937 2283 1067 2349 Creteris
1103 2291 1175 2354 vero

131 2392 223 2452 nulld
252 2390 424 2472 perfunctis
458 2389 583 2472 proprid
612 2389 767 2469 molestie,
802 2413 892 2454 casus
922 2388 1027 2469 autem
1055 2397 1173 2464 alienos

136 2499 204 2570 sine
230 2501 297 2564 uiio
313 2499 429 2563 'dolore
448 2497 663 2582 intuentibus,
689 2498 781 2564 etiam
807 2497 875 2584 ipsa
897 2501 1106 2568 misericordia
1119 2495 1176 2571 'est

130 2610 286 2698 ju'eunda.
325 2611 433 2679 Quem
459 2609 543 2673 enim
566 2613 710 2673 nostrdm
734 2609 787 2673 ille
814 2610 949 2676 moriens
972 2613 1055 2698 apud
1080 2615 1175 2680 Man·
1254 2643 1257 2646 ’

134 2720 262 2799 dueum,
275 2719 521 2805 Epaminondas,
539 2742 603 2784 non
618 2743 690 2784 cum
712 2715 844 2806 quddam
860 2723 1058 2790 miseratione
1072 2711 1177 2806 deleo«,

130 2829 205 2894 'tati
227 2830 376 2914 quitum
401 2829 532 2914 denique
555 2829 614 2892 sibi
637 2827 735 2896 avelli.
749 2831 842 2917 jubet
868 2825 1038 2919 spiculum,
1060 2815 1174 2924 penten

134 2941 230 3026 quam
245 2939 274 3001 ei
288 2938 484 3022 percontanti
500 2938 618 3002 dictum
642 2949 702 3020 est,
726 2943 869 3028 clypeum
892 2967 959 3010 esse
975 2947 1115 3013 salvum:
1139 2960 1176 3014 ut
1242 3013 1243 3016 ,

134 3049 231 3114 etiam
251 3047 284 3110 in
304 3047 447 3110 vulneris*
461 3049 684 3136 dolore-aequo
702 3053 811 3116 animo
836 3077 909 3119 cum
932 3057 1021 3122 laude
1037 3075 1176 3141 morere?

138 3170 202 3224 turr
252 3156 352 3243 Cujus
376 3157 513 3222 studium
537 3160 569 3224 iu
591 3143 725 3244 legendo
744 3185 810 3228 ‘non
832 3145 971 3231 erectum
995 3161 1181 3234 Themisto?

135 3269 465 3354 elie-fugtredituque
486 3270 665 3336 retinetur?
690 3275 805 3336 etenim
830 3276 907 3340 ordo
931 3276 996 3361 ipse
1020 3278 1175 3345 annalium

52 3403 57 3408 ·
134 3380 336 3444 mediocriter
351 3399 408 3444 nos
425 3381 549 3460 retinet,
565 3381 656 3466 quasi
672 3385 907 3449 enumeratione
915 3389 983 3450 fast
971 3398 1085 3455 t.01um
1130 3387 1175 3456 At

136 3489 204 3554 viri
224 3508 310 3574 saepe
332 3491 515 3554 excelientis
538 3487 690 3600 ancipites
715 3493 848 3580 variique
873 3519 960 3561 casus
985 3499 1101 3593 habent
1122 3499 1182 3564 rud-¹

135 3600 348 3680 mirationem,
375 3592 653 3702 exspectationem,
678 3603 830 3684 letitiam,
860 3607 985 3673 molest
962 3619 1049 3690 tram,
1076 3633 1194 3695 spem,¹

135 3712 305 3776 timorem·
347 3711 380 3775 Si
407 3713 479 3775 vero
504 3710 590 3776 exitu
555 3714 745 3778 tnotabiii
768 3705 1010 3799 concluduntur,
1033 3703 1195 3810 expletur¹

113 3821 260 3886 ‘animus
283 3821 514 3909 jucundissime
539 3821 695 3888 iectionis
709 3823 881 3910 voluptate.
925 3827 998 3897 Quo
1024 3826 1101 3891 mihi
1124 3850 1176 3893 ac·
1188 3799 1202 3893 51

136 3931 250 3997 ciderit
264 3933 413 4019 optatius,
436 3934 463 3996 si
485 3933 516 3998 in
538 3935 598 3998 hnc
619 3935 775 3999 sententia
794 3937 902 4018 fueris,
918 3942 985 4002 ut
974 3961 992 4000 e
1013 3937 1176 4040 continen-
1192 3935 1195 3946 ’

139 4043 234 4108 tibus·
247 4041 308 4108 t'u'm
331 4040 486 4128 scriptis,
483 4045 661 4131 inquibus
686 4057 868 4134 perpetuam
894 4057 994 4114 rerum
1014 4027 1177 4133 gestarum
