2852 4700
536 398 590 466 Ee
610 401 744 468 lelo.
1098 395 1162 466 155

112 577 201 660 pene
216 571 362 638 hostibus
383 545 479 656 dedit,
502 573 536 638 ni
551 595 632 637 unus
647 573 694 638 vir
710 572 835 652 fuisset,
855 570 1008 638 Horatius
1023 569 1158 656 Cocles3

115 683 163 768 (id
178 683 415 748 munimentum
439 683 495 748 illo
515 683 564 748 die
587 686 714 749 fortuna
733 683 818 768 urbis
839 681 993 746 Romame
1011 681 1154 766 habuitr)
1203 667 1207 680 „

114 793 183 882 qai,
201 795 328 882 positus
351 795 433 880 forte
450 792 482 858 in
497 788 636 874 stationes
640 782 765 878 pontis,
788 813 886 880 quum
904 797 1032 878 captum
1047 812 1160 874 repen·

116 906 191 970 tino
213 897 337 990 impetu
355 903 556 984 'ianiculum
581 913 674 990 atque
689 903 760 968 inde
776 892 887 968 citatos
903 903 1069 974 decurrere
1086 901 1161 966 bos·

115 1026 165 1079 tes
182 1013 326 1094 vidisset,
351 1012 565 1100 trepidamque
585 1017 707 1078 turbam
729 1037 856 1079 suorum
876 999 961 1080 arma
975 1012 1163 1102 ordinesque

114 1125 312 1214 relinquere,
334 1127 556 1212 reprehensans
579 1124 732 1210 singulos,
749 1125 918 1205 obsistens,
940 1127 1165 1212 obtestansque

114 1237 230 1302 Dedin
248 1247 281 1300 et
305 1236 470 1300 hominum
491 1237 596 1316 fidem,
622 1235 805 1315 testabatur,
827 1225 1022 1322 nequicquam
1041 1237 1160 1299 deserto

112 1348 266 1430 praesidio
281 1345 461 1432 eos’ritgere.
507 1347 542 1411 Si
557 1341 719 1408 transitum
741 1345 899 1428 pontana
921 1355 1007 1429 tergo
1029 1343 1167 1430 reliquis·

116 1466 197 1536 seut,
211 1455 286 1541 jam
305 1455 374 1540 plus
396 1455 523 1536 bostium
552 1457 585 1520 iu
617 1453 744 1518 Palatio
777 1451 992 1540 Capitolioque,
1012 1456 1104 1540 quim
1132 1457 1166 1542 in

107 1541 368 1652 'Joniadosore
406 1551 524 1649 'Itaque
546 1584 675 1644 manure,
688 1543 862 1647 paaupere,
878 1574 911 1628 ut
928 1573 1051 1648 pontem
1065 1559 1167 1646 serra,

109 1679 195 1762 igni,
211 1677 432 1766 quacunquc'oi
447 1689 581 1762 possent,
594 1673 827 1761 interrumpunt.
871 1657 911 1740 Se
932 1676 1077 1762 impetunt
1096 1677 1168 1740 liar·

113 1789 210 1867 ¹tium,
220 1777 367 1871 quantula
381 1809 503 1871 corpore
516 1809 575 1852 urio
589 1797 689 1872 posset
703 1788 817 1870 obsisti,
831 1797 1034 1872 exceptorem.
1071 1785 1166 1851 Vadit

116 1883 192 1963 inde
207 1897 241 1960 in
255 1897 393 1982 primurn
408 1898 526 1962 aditum
541 1897 668 1984 pontis;
691 1897 884 1984 insignisque
898 1899 979 1964 inter
993 1909 1163 1984 conspecta

120 2005 306 2072 cedentium
330 2025 447 2092 pugnae
473 2017 570 2092 terga,
599 2007 738 2074 obversis
761 2011 904 2074 cominds
933 2008 970 2073 ad
994 2010 1166 2076 ineundum

120 2115 273 2202 praelium
289 2117 392 2198 armis,
413 2117 485 2204 ipso
499 2117 652 2183 miraculo
671 2120 809 2186 audacia
823 2121 1034 2206 obstupefecit
1048 2121 1170 2186 hostes.

121 2227 219 2290 Duos
235 2235 429 2292 tamencum
445 2249 484 2292 eo
497 2229 600 2314 pudor
614 2231 728 2312 tenuit,
745 2233 802 2318 Sp.
818 2233 961 2298 Lartium
975 2235 1011 2298 a‘c
1025 2232 1065 2298 Τ.
1082 2233 1168 2304 Her-

123 2339 273 2418 minium,
288 2339 397 2432 ambos
413 2331 512 2405 claros
528 2361 642 2426 genere
657 2343 822 2428 factisque.
874 2345 955 2408 Cum
972 2345 1021 2408 his
1036 2346 1170 2432 primam

124 2449 261 2533 periculi
274 2447 458 2535 procellam,
474 2447 507 2514 et
522 2451 608 2536 quod
623 2451 946 2516 tumultuosissimum
960 2475 1077 2538 pugnae
1092 2463 1171 2534 erat,

124 2579 297 2646 pammper
310 2558 471 2644 sustinuit.
501 2560 625 2626 Deinde
639 2583 694 2624 eos
706 2583 833 2648 quoque
848 2563 945 2648 ipsos,
958 2562 1071 2648 exigua
1082 2574 1170 2650 parte

114 2661 236 2756 ¹pontis
256 2668 378 2747 relicta,
395 2655 616 2735 'revocantibus
633 2673 687 2757 qui
700 2671 929 2756 rescindebant,
947 2670 1056 2760 cedere
1069 2674 1169 2740 intu

128 2790 197 2868 turn
212 2779 331 2861 coegit.
375 2777 608 2844 circumferens
624 2782 696 2845 inde
712 2792 815 2848 truces
832 2785 992 2850 minaciter
1007 2789 1116 2852 oculos
1131 2785 1170 2851 ad

128 2909 278 2976 proceres
301 2889 523 2970 Etruscorum,
546 2911 630 2956 nnnc
651 2891 797 2976 ‘singulos
817 2915 997 2978 provocare,
1019 2919 1102 2962 nnnc
1123 2896 1181 2962 in·¹

119 3021 257 3087 'crepare
285 3021 407 3080 omnes,
430 3001 561 3066 Seruitia
591 3023 700 3088 regum
719 3003 922 3086 superborum,
943 3023 1007 3068 suoe
1030 3005 1175 3071 libertatis

129 3111 326 3190 irnrnmnores,
338 3110 470 3174 olunorn
480 3122 688 3197 oppugnatum
702 3115 811 3178 uenire.
857 3115 1006 3180 Cunctati
1021 3117 1172 3202 aliquam-

131 3219 186 3284 diu
201 3229 287 3299 sunt,
304 3219 379 3284 dum
392 3220 475 3285 nlius
496 3222 615 3304 alium,
629 3233 667 3287 ut
688 3225 833 3309 proelium
855 3225 1019 3312 incipiant,
1041 3203 1174 3294 circum-

119 3340 289 3418 spectant.
309 3329 434 3396 :Pudor
448 3331 559 3412 deinde
575 3337 746 3402 commovit
760 3337 871 3418 aciem,
888 3347 931 3418 ct,
947 3339 1083 3405 clamore
1098 3344 1175 3406 sub·

115 3441 209 3521 flato,-
224 3439 363 3526 undique
374 3439 520 3505 inunum
533 3443 660 3508 bostem
676 3419 944 3534 telac'orqjiciunt.¹
981 3419 1062 3519 Quae
1078 3475 1176 3540 quum

133 3553 166 3617 in
181 3549 309 3638 objecto
322 3545 436 3637 cupita
449 3553 726 3648 scutolraesissent,
737 3543 840 3644 deque
853 3557 906 3622 ille
919 3559 1023 3628 minus
1036 3562 1175 3628 obstina-

135 3671 188 3726 tus
202 3661 325 3747 ingenti
339 3671 470 3748 pontem
485 3663 642 3742 obtineret
655 3657 773 3754 gradu,
794 3665 861 3756 jam
876 3668 997 3757 impetu
1017 3675 1173 3740 conaban-

44 3834 48 3844 ,
133 3783 188 3836 tur
200 3769 365 3838 detrudere
378 3773 492 3840 virum.
536 3775 643 3844 Quum
662 3755 756 3848 simul
771 3781 876 3866 fragor
895 3783 977 3869 rupti
998 3782 1116 3870 pontis,
1132 3778 1175 3848 si-

125 3885 202 3948 ·mul
213 3885 337 3974 clamor
351 3883 566 3951 Romanorum
581 3887 888 3978 alacritate'periecti
903 3889 1007 3984 operis
1023 3892 1178 3973 sublatus,

134 4013 250 4088 pavore
267 3981 550 4083 subitoimpetum
572 3973 734 4064 sustinuib
775 3999 859 4066 Tum
882 3999 1007 4079 Cocles,
1039 3995 1179 4066 Tiberiade

130 4117 234 4193 pater,
250 4107 365 4196 inquit,
389 4119 428 4190 te,
444 4119 558 4192 sancte,
570 4129 689 4195 precor,
715 4113 776 4176 bec
798 4129 886 4202 orma
908 4121 937 4176 at
959 4112 1034 4176 bitrio
1056 4111 1181 4183 militem
1273 4196 1275 4201 ,

630 4219 658 4281 X
672 4221 690 4282 2
