2852 4700
614 271 671 336 Eo
689 271 739 340 M.
759 271 925 342 tutuo

444 813 459 849 ⁹
547 866 608 940 Ex
631 865 775 940 sonno
799 865 997 940 Sermonis.
1045 933 1048 940 .

637 1047 747 1111 Scnuo
769 1047 907 1134 loquitur.

253 1209 311 1328 C
326 1249 405 1316 UM
431 1249 464 1314 in
494 1247 632 1312 Africam
660 1244 826 1334 venissem,
861 1245 910 1310 M.
934 1241 1080 1309 Manilio
1095 1244 1219 1310 consuli
1254 1245 1299 1310 ad·

253 1383 394 1462 quartam
417 1370 573 1455 legionem
600 1366 743 1431 tribunus
774 1369 823 1450 (ut
838 1365 937 1448 scitis)
954 1363 1112 1448 militum3
1134 1367 1212 1430 nihil
1232 1367 1294 1431 mi·

252 1489 287 1552 hi
311 1485 418 1573 potius
444 1479 516 1560 fuit,
543 1482 636 1565 quim
661 1486 698 1540 ut
721 1476 922 1540 Masinissam
951 1476 1162 1556 convenirem,
1185 1499 1299 1587 regern¹

254 1594 380 1663 familiae
396 1601 513 1658 nostroe
525 1587 622 1674 justis
637 1588 674 1649 dc
689 1586 789 1650 causis
805 1585 1037 1651 amicissimum.
1057 1593 1059 1603 '
1081 1585 1132 1652 Ad
1146 1609 1239 1674 quem
1256 1597 1293 1650 ut

252 1707 335 1786 veni,
348 1703 533 1784 complexus
549 1717 599 1759 me
615 1717 710 1759 senex
725 1696 966 1781 collacrymavit,
982 1696 1203 1783 aliquantoque
1217 1697 1300 1782 post

253 1810 396 1900 suspexit
416 1809 448 1874 in
469 1809 609 1889 coelum3
630 1814 662 1869 et
675 1805 857 1886 “Grates,''
873 1805 985 1890 inquit,
1007 1806 1097 1870 “tibi
1110 1827 1181 1891 ago,
1203 1829 1299 1908 sum-¹

251 1929 277 1964 “
290 1948 341 1988 mc
356 1925 425 2002 Sol,
436 1918 599 2004 vobisque,
610 1916 724 2002 reliqui
739 1916 873 1996 coelites,
885 1915 969 2002 quod
979 1919 1052 1980 onte
1067 1917 1161 2002 qulun
1177 1939 1217 1980 ex
1229 1915 1302 1981 hsc‘

251 2033 355 2096 “viu
381 2030 492 2114 migro,
516 2023 676 2112 conspicio
701 2025 733 2088 in
763 2047 835 2104 meo
863 2033 960 2109 regno
989 2035 1023 2090 ct
1048 2025 1099 2090 his
1129 2025 1222 2090 tectis
1252 2023 1290 2092 P.

251 2138 471 2206 “Cornelium
492 2134 685 2220 Scipionem,
708 2117 800 2220 cnjus
823 2157 883 2219 ego
905 2135 1032 2200 nomine
1053 2136 1122 2223 ipso
1143 2157 1292 2220 recreor3

251 2257 275 2292 “
290 2252 333 2323 ita
346 2269 505 2336 nunquam
529 2269 568 2311 ex
587 2245 693 2310 animo
713 2267 784 2309 meo
806 2245 939 2310 discedit
958 2245 1042 2312 illius
1062 2245 1176 2336 optimi
1194 2255 1291 2336 etque

250 2365 274 2400 “
288 2356 485 2425 invictissimi
499 2357 557 2421 viri
566 2356 758 2445 'memorien’f
924 2359 928 2368 '

261 2601 266 2608 ·
292 2567 418 2634 Deinde
433 2589 494 2651 ego
507 2565 599 2630 illum
623 2563 661 2628 dc
683 2587 742 2629 suo
762 2555 859 2650 regno
868 2591 879 2652 3
903 2566 957 2631 ille
977 2575 1032 2631 ‘me
1054 2567 1092 2631 de
1107 2570 1215 2634 nostrl
1237 2571 1304 2634 re·'

249 2679 376 2766 publice
398 2685 600 2762 percontatus
613 2685 682 2740 est:
714 2675 883 2763 multisque
909 2677 1009 2741 verbis
1036 2680 1120 2743 ultro
1146 2679 1305 2766 citroque'

249 2789 377 2868 habitis,
397 2788 451 2850 ille
470 2786 560 2851 nobis
585 2795 790 2872 consumptos
804 2796 854 2850 est
868 2785 945 2851 dies.
989 2785 1186 2854 Poscentem
1200 2791 1305 2873 regio'

248 2906 399 2984 apparatu
421 2895 553 2982 accepti,
580 2917 756 2960 sermonem
779 2896 812 2960 in
832 2899 964 2962 multam
987 2907 1114 2964 noctem
1136 2897 1301 2986 produxiss'

248 3011 332 3088 mus,
356 3007 429 3070 curn
442 3023 546 3094 ¹senex
566 3003 644 3068 nihil
663 3005 726 3069 nisi
739 3006 778 3069 de
798 3006 945 3072 Africano
959 3010 1151 3095 loqueretur,
1167 3011 1289 3076 omnie-

248 3141 310 3207 que
323 3115 392 3205 ejus
407 3137 470 3180 non
484 3115 590 3179 solum
604 3117 697 3197 facta,
708 3113 768 3180 'scd
781 3115 874 3180 etiam
889 3118 973 3183 dicto
987 3110 1192 3190 meminisset.

289 3325 424 3406 Deinde,
440 3335 477 3390 ut
492 3325 633 3390 cubitum
649 3315 860 3407 discessimus,
875 3349 926 3390 me
941 3335 974 3390 et
987 3321 1105 3392 sessum
1121 3328 1160 3393 de
1175 3331 1237 3412 vis,
1252 3343 1289 3398 ct

247 3436 302 3524 qui
322 3437 361 3500 od
375 3435 507 3502 multam
522 3445 648 3500 noctem
669 3435 859 3520 vigilassem,
884 3438 1009 3519 arctior,
1032 3443 1128 3528 qudm
1152 3445 1288 3527 solebat,

130 3602 132 3606 .
246 3557 376 3614 somnus
391 3549 573 3632 complexus
589 3557 649 3611 est.
693 3549 760 3612 ch
774 3547 851 3612 mihi
869 3548 974 3632 (credo
994 3551 1139 3636 equidem
1156 3576 1197 3618 ex
1210 3555 1287 3638 hoc,

245 3657 330 3746 quod
352 3677 474 3721 eremus
499 3655 618 3722 locuti:
642 3655 679 3719 lit
694 3656 779 3720 enim
800 3659 876 3737 sere,
892 3667 929 3722 ut
943 3657 1148 3742 cogitationes
1164 3671 1288 3730 s'ermo.

246 3789 366 3855 nosque
385 3764 485 3841 nostri
504 3764 626 3849 pariant
645 3767 763 3853 aliquid
777 3767 809 3832 in
824 3790 936 3834 somno
959 3773 1033 3852 tale,
1051 3773 1141 3858 quale
1156 3773 1195 3838 de
1211 3779 1288 3844 Ho-

245 3901 333 3944 mero
355 3876 463 3942 scribit
484 3875 620 3955 Ennius,
643 3877 765 3964 dequo
789 3877 935 3944 videlicet
955 3881 1129 3967 sepissime
1149 3884 1287 3972 vigilans

245 3991 366 4056 solebat
381 3986 517 4073 cogitare
532 3995 564 4051 et
579 3987 665 4071 loqui
678 3981 701 4070 ε)
719 3987 883 4058 Africanus
900 4011 933 4054 se
949 3992 1087 4058 ostendit
1101 3993 1155 4059 illl
1169 3996 1287 4080 lormd,
