2852 4714
255 306 323 379 ros
664 305 723 415 a
743 293 878 374 uuo„

257 485 317 547 bue
341 485 511 564 celebrant,
532 479 607 568 quid
629 479 691 546 nisi
713 482 807 565 longa
828 477 903 558 vita,
919 475 1000 542 sicut
1022 476 1178 560 Magnum
1199 473 1304 540 modb

260 591 457 678 Pompeium,
481 590 614 656 vertenti
634 589 772 676 praebuit
792 591 950 654 tortunael
984 587 1177 652 Recenseam
1198 587 1304 651 duces

259 701 431 782 Romanos,
444 723 504 766 nec
519 722 628 766 ornnes
643 701 785 766 omnium
800 709 942 776 ratetum,
958 697 1014 764 sed
1037 697 1122 785 ipsos
1137 719 1204 780 eos,
1219 721 1305 762 cum

259 812 373 902 quibus
388 811 569 878 consulibus
584 822 641 904 aut
662 812 866 880 dictatoribus
881 809 1061 878 Alexandro
1085 811 1149 876 fuit
1169 811 1304 876 bellan·

259 926 357 991 du'm:
389 919 439 989 M.
461 919 621 988 Valerium
648 924 802 1009 corvum,
827 919 865 990 C.
889 915 1042 990 Martium
1068 915 1225 1002 Rutilum,
1262 921 1305 986 C.

257 1033 447 1122 Sulpicium,
468 1033 507 1099 Τ.
523 1033 689 1098 Manlium'
698 1029 910 1120 Torquatum,
934 1031 976 1102 Q.
992 1033 1167 1124 Publilium,
1186 1031 1304 1096 Philo-

259 1168 343 1226 ucm,
367 1145 406 1212 L.
423 1143 580 1230 Papirium
597 1143 776 1224 Cursorem,
796 1143 838 1212 Q.
854 1143 987 1208 Fabium
1002 1141 1190 1222 Maximum,
1215 1137 1305 1208 duos

258 1257 393 1340 Decios,
413 1257 452 1322 L.
468 1253 684 1333 Volumnium,
707 1244 852 1319 Manium
877 1253 1021 1318 Curium.
1064 1251 1221 1340 Deinceps
1250 1253 1304 1318 in-

262 1378 373 1456 gentes
394 1377 571 1454 sequuntur
593 1366 672 1448 viri3
696 1361 724 1428 si
743 1361 899 1435 Punicum
918 1357 1064 1434 Romano
1086 1355 1306 1450 praevertisset

260 1481 392 1562 bellum,
405 1477 573 1566 seniorque
588 1478 621 1542 iu
634 1477 757 1542 Italiam
773 1473 957 1564 trajecisset.
1002 1475 1128 1542 Horum
1144 1475 1175 1540 in
1191 1471 1304 1562 quoli-

260 1577 316 1655 bet
339 1601 408 1654 turn
424 1585 543 1654 indoles
567 1586 685 1668 eadem,
701 1610 772 1675 quae
793 1588 825 1652 in
840 1585 1020 1652 Alexandro
1036 1597 1112 1668 erat,
1127 1577 1224 1652 animi
1249 1587 1304 1652 irr-

262 1699 428 1786 geniique,
451 1707 520 1763 tum
535 1698 700 1784 disciplina
720 1698 876 1782 militaris,
887 1698 954 1785 jam
977 1698 1048 1764 inde
1070 1701 1108 1768 ab
1133 1685 1227 1764 initiis
1246 1721 1306 1764 ur-

260 1807 310 1875 bis
325 1805 439 1872 tradita
460 1829 518 1894 per
531 1829 655 1892 manus,
669 1809 700 1874 in
715 1810 791 1874 artis
813 1811 973 1900 perpetuis
996 1809 1161 1898 pr‘aeceptis
1176 1809 1307 1876 ordina-

262 1929 306 1985 tae
320 1913 449 1984 modurn
464 1929 602 1986 venerat.
1246 1907 1252 1912 ⁵

306 2129 356 2194 lu
377 2150 465 2214 reges
488 2139 649 2214 gesserant
671 2123 774 2218 bella:
804 2126 848 2195 ita
872 2123 982 2196 deinde
1004 2136 1164 2197 exactores
1186 2154 1306 2217 regum

262 2201 572 2328 innumerique,
602 2239 646 2306 ita
673 2239 820 2329 deinceps
848 2238 948 2324 Fabii,
976 2237 1110 2325 Quinta,
1140 2237 1306 2328 Cornelii5

259 2353 308 2416 'ita
332 2347 444 2418 Furius
460 2349 624 2434 Camillus,
648 2375 741 2440 quern
760 2348 894 2440 juvenes
917 2349 949 2433 ii,
976 2353 1089 2440 quibus
1114 2375 1186 2417 cum
1199 2354 1306 2416 Alex-

264 2439 360 2530 andio
382 2461 591 2529 dimicandum
616 2472 694 2547 erat,
706 2453 817 2527 'senem
840 2461 989 2528 videraut.
1020 2457 1185 2526 Militaria
1206 2485 1307 2548 opera

265 2557 433 2659 pugnaudo
449 2573 579 2638 obeunti
593 2561 770 2638 Alexandro
788 2573 872 2658 (uam
887 2596 924 2638 ea
945 2553 1070 2668 quoqne
1092 2565 1175 2640 baud
1196 2574 1309 2642 minias

197 2677 199 2682 ’
266 2683 384 2748 clarum
400 2707 472 2750 eum
496 2681 626 2768 iaciunt)
645 2681 792 2750 cessisset
806 2677 949 2750 videlicet
974 2689 1002 2748 iu
1019 2679 1085 2751 scie
1101 2689 1221 2752 oblatus
1245 2709 1312 2772 par

216 2789 218 2796 ’
266 2789 409 2858 Manlius
431 2793 621 2884 Torquatus,
652 2805 708 2860 aut
729 2789 872 2862 Valerius
896 2797 1016 2860 Corvus
1028 2821 1039 2878 3
1070 2795 1207 2882 insignes
1230 2802 1309 2861 ante

266 2901 396 2986 rru‘lite‘s,
410 2909 504 2996 qulam
529 2907 646 2973 duces?
671 2897 841 2974 cessissent
852 2903 957 2988 DeciI,
982 2903 1103 2971 devotis
1124 2904 1311 2992 corporibus

266 3013 299 3080 iu
323 3011 448 3082 bostem
472 3019 621 3083 ruentes?
646 2997 950 3108 cessissetPapirius
966 3019 1096 3100 Cursor,
1112 3017 1168 3084 illo
1191 3039 1309 3104 corpo-

267 3125 309 3192 ris
324 3127 447 3210 robore,
462 3123 518 3192 illo
531 3126 647 3194 animi:
671 3125 771 3192 victus
798 3136 881 3191 esset
896 3123 1036 3194 consiliis
1057 3124 1184 3216 juvenis
1209 3129 1310 3194 unius

272 3236 325 3318 (ue
340 3231 479 3323 singulos
501 3235 687 3320 nominem,)
705 3247 829 3301 senatus
852 3231 917 3318 ille,
939 3261 1034 3328 quern
1056 3240 1143 3328 qui*
1164 3261 1203 3303 ex
1223 3239 1309 3324 regi-

268 3345 328 3408 bus
350 3354 492 3411 constare
514 3347 603 3428 dixit,
625 3369 706 3440 nuus
729 3371 833 3412 veram
864 3349 1000 3435 speciem
1023 3343 1158 3416 Romani
1180 3355 1311 3416 scuatbs

269 3449 374 3550 cepit?
398 3451 436 3518 Id
450 3457 524 3521 verb
538 3469 604 3523 erat
625 3455 811 3548 periculum,
827 3483 866 3524 ne
888 3461 1045 3544 solertius,
1061 3466 1155 3548 quam
1176 3461 1316 3550 quilibet

269 3556 353 3662 unus
369 3587 408 3630 cx
428 3563 479 3648 iis,
495 3591 575 3654 quos
589 3569 758 3652 nominavi,
774 3571 882 3650 castris
899 3561 1004 3636 locurn
1019 3582 1154 3660 caperet,
1170 3593 1313 3638 comme·

270 3686 340 3745 utus
354 3675 525 3764 expediret,
539 3681 577 3746 ab
600 3678 719 3746 insidiis
742 3693 943 3768 praecaveret,
959 3693 1083 3770 tempus
1098 3705 1215 3769 pugnae
1229 3683 1315 3750 deli·

271 3794 370 3878 geret,
385 3789 496 3872 aciem¹
507 3790 686 3874 instrueret,
701 3791 847 3858 subsidiis
871 3794 1018 3883 firmaret.
1062 3796 1137 3860 Nou
1154 3817 1226 3859 cnm
1237 3795 1313 3865 Da-

271 3902 319 3976 rio
334 3925 400 3970 rem
424 3924 490 3971 csse
515 3899 662 3984 (suxisset5
685 3921 792 3989 quem,
807 3905 975 3970 mulierum
998 3877 1034 3970 a'c
1056 3905 1229 3992 spadonum
1255 3928 1314 3992 ag·

544 4041 562 4078 ὓ
579 4027 690 4109 Cama,
706 4038 814 4118 Pyrria*
828 4041 905 4119 regis
920 4021 1039 4120 le'grrur.
