2932 4700
151 285 154 300 ‘
243 275 289 347 sa
569 317 573 332 .
606 275 657 338 aa
675 271 727 370 ιι.
750 271 917 356 sunnio

250 449 322 522 edm
344 447 439 516 notis
462 445 624 524 classibus,
646 443 802 530 tantisque
821 439 1017 530 equestribus
1039 449 1071 526 et
1090 435 1289 526 pedestribus

249 550 361 648 copiis,
377 549 587 644 Hellesponto
603 553 729 642 juncto,
745 541 873 620 Athone
892 554 1047 640 perfosso,
1063 552 1160 616 maria
1178 553 1295 618 ambu-

250 665 389 749 levisset,
418 675 595 753 terramque
617 663 811 750 nauigasset,
829 663 867 745 si,
890 665 966 762 cum
995 661 1085 728 tento
1107 664 1229 750 impetu
1257 664 1294 730 in

251 761 407 844 Graeciam
422 763 569 880 venisset,
584 795 712 859 causum
727 771 797 860 ejus
812 774 884 860 quis
897 797 937 838 ex
957 754 996 840 eo
1015 784 1170 876 quaereret
1188 783 1294 840 tanta-

169 883 183 910 ³'
252 871 513 972 rumcopiaruin,
526 867 667 972 tantique
690 885 776 984 belli,
792 887 856 950 mel
879 908 913 950 se
936 887 1045 952 afferre
1069 908 1109 950 ex
1134 886 1295 971 Hymetto

254 993 392 1061 'voluisse
406 995 541 1077 diceret3
559 994 681 1060 certb'
657 1017 723 1058 stne
739 999 832 1060 causi
847 993 1005 1060 videretur
1029 1003 1116 1059 tanta
1140 1002 1296 1058 conatus·

171 1095 180 1122 ³
254 1103 301 1171 aie
313 1126 374 1170 nos
367 1099 573 1190 sapientem,
588 1105 733 1190 plurimis
748 1115 781 1169 et
792 1105 982 1189 gravissimis
993 1084 1112 1170 artibus
1124 1115 1218 1190 atque
1229 1105 1294 1168 vir·

255 1211 377 1288 tutibus
390 1213 577 1279 instructum
590 1223 623 1279 et
635 1221 790 1296 ornatum,
803 1237 876 1296 non,
889 1225 925 1278 ut
939 1215 1042 1296 illum,
1054 1203 1151 1280 moria
1161 1213 1296 1300 pedibus

252 1333 483 1412 peragrantem,
498 1325 649 1390 classibus
664 1335 801 1406 montes,
817 1324 871 1390 sed
886 1323 981 1388 omne¹
993 1326 1111 1390 coelum
1133 1333 1297 1408 totamque

256 1437 331 1498 cum
345 1435 491 1499 universo
505 1434 584 1500 mari
603 1445 717 1500 terram
743 1445 849 1529 mente
871 1437 1084 1520 complexum,
1099 1435 1295 1520 voluptatem

257 1550 365 1626 petere
381 1543 409 1608 si
423 1541 575 1625 dicemus,
591 1543 693 1608 mellis
709 1549 804 1610 causa
818 1545 957 1608 dicemus
973 1553 1059 1608 tanta
1073 1543 1232 1618 molitum.
1292 1525 1295 1530 ¹

264 1759 270 1770 .
302 1727 354 1794 sd
378 1727 490 1792 altiora
518 1725 662 1813 quaedam
700 1737 733 1792 et
772 1727 1049 1813 magnificentiora,
1080 1729 1166 1796 mibi
1195 1729 1298 1810 crede,

256 1836 439 1922 fforqmte„
455 1837 521 1904 nati
544 1855 669 1904 somusr
697 1853 755 1901 nec
775 1837 808 1902 id
835 1839 992 1904 exanimi
1018 1843 1122 1904 solum
1146 1841 1304 1926 partibus,

260 1947 420 2034 inquibus
436 1947 518 2011 inest
537 1946 689 2012 memoria
703 1967 807 2014 rerum
828 1947 1115 2032 innumerabilium,
1130 1959 1163 2015 et
1177 1945 1214 2016 ea
1228 1951 1300 2038 qul-³

258 2059 332 2134 dem
357 2058 497 2138 infinita3
523 2057 605 2122 inest
632 2055 814 2144 conjectura
838 2061 1110 2146 consequentium,
1125 2071 1189 2127 non
1215 2065 1302 2126 mul

260 2172 330 2234 tim
359 2165 593 2237 adivinatione
620 2166 784 2252 differens5
809 2170 891 2237 inest
917 2172 1095 2238 moderator
1119 2173 1302 2260 cupiditatis

260 2257 389 2368 pudor,
410 2279 495 2348 inest
509 2279 547 2343 ad
561 2277 728 2344 humanam
751 2281 934 2346 societatem
953 2281 1090 2369 justitiae
1110 2283 1174 2348 fida
1193 2293 1303 2347 custo

217 2417 221 2426 ·
260 2387 359 2474 dits
348 2389 480 2459 mettin
494 2388 710 2476 perpetiendis
729 2391 900 2472 laboribus,
915 2389 1126 2476 adeundisque
1141 2381 1307 2476 periculis,

263 2499 402 2572 &unet
416 2501 537 2567 stabilis
552 2499 668 2564 doloris
684 2501 859 2586 mortisque
874 2500 1086 2585 contemptio.¹
1132 2499 1220 2583 Ergo
1233 2499 1306 2563 hae

261 2609 445 2680 inanimis:
456 2609 510 2674 Tu
523 2619 630 2674 autem
644 2609 737 2673 etiam
753 2611 893 2674 membra
912 2609 987 2694 ipsa,
1003 2631 1176 2696 sensusque
1199 2589 1303 2673 consi-²

263 2721 359 2790 den:
383 2722 439 2806 qui
459 2719 535 2801 tibi,
556 2729 593 2786 at
616 2721 746 2807 reliquae
771 2721 908 2806 corporis
938 2729 1054 2806 partes,
1080 2741 1144 2784 non
1170 2703 1305 2783 comites

264 2833 370 2902 solam
393 2833 556 2912 virtusne,
580 2831 635 2896 sod
654 2831 790 2896 ministri
808 2833 902 2896 ctiam
924 2829 1121 2895 videbuntur.
1164 2825 1260 2908 Quid,
1275 2819 1306 2926 si

266 2945 299 3010 in
312 2942 384 3030 ipso
397 2962 530 3028 corpore
543 2945 646 3009 multa
663 2941 818 3030 uoluppati
838 2931 1048 3027 preponenda
1062 2949 1147 3021 sunt,
1162 2947 1199 3003 ut
1210 2934 1306 3016 vires,

263 3054 436 3135 mondo,
449 3052 610 3132 velocitas,
637 3049 859 3143 pulchritudo?
888 3049 964 3136 quid
988 3049 1147 3114 tandem
1137 3069 1172 3112 ιιι
1193 3047 1306 3114 animis

144 3235 145 3240 ,
264 3165 427 3236 mest
416 3187 452 3230 ιιι
474 3163 589 3252 quibus
613 3160 788 3228 doctissimi
812 3160 870 3226 illi
884 3169 1005 3224 veteres
1028 3159 1132 3224 inesse
1146 3155 1320 3278 quiddam·

205 3319 207 3330 r
264 3279 447 3348 ooelestcet
461 3274 601 3412 divinum
614 3275 876 3410 putsvmunb

281 3447 446 3544 Quod
421 3483 449 3530 st
449 3411 545 3556 esset
560 3462 592 3554 ἰιι
616 3431 778 3548 uoluptate
801 3424 962 3544 summum
987 3393 1106 3533 bonum
1125 3405 1182 3538 (ut
1189 3381 1307 3532 dicitisl

268 3547 414 3660 optabile
418 3573 525 3636 esset'
517 3593 547 3636 ιιι
563 3573 724 3655 voluptate
750 3569 898 3649 maximi,
910 3569 999 3632 nullo
1023 3567 1193 3640 intervallo·
1198 3563 1309 3641 iuter.

263 3679 364 3772 jecto,
380 3677 446 3744 dies
460 3691 634 3768 noctesque
649 3680 775 3761 versari,
790 3681 865 3744 cbm
881 3699 989 3742 omnes
1012 3697 1122 3741 sensus
1146 3673 1311 3739 dulcedine

269 3791 357 3890 quui
373 3791 468 3886 qusai
487 3791 610 3879 perfusi
628 3798 837 3874 moverentur.
892 3788 985 3856 Quis
994 3795 1044 3850 est
1065 3793 1182 3853 autem
1190 3781 1305 3866 dignus

267 3899 563 3995 nominehomrnrs,
559 3902 660 3988 qqi
639 3922 738 3974 unum
752 3899 835 3968 diem
861 3909 966 3969 toturn
990 3896 1074 3968 vetit
1088 3914 1161 4022 esse
1185 3893 1232 3977 iu·
1242 3893 1309 3960 iste

264 4013 643 4107 geumerolaptrtrsl
715 4051 727 4111 .'
1039 4033 1048 4062 ·.
1170 4037 1212 4062 ,-
1257 4034 1304 4088 5
