2932 4700
301 317 345 394 ns
505 270 508 276 ’
665 315 717 380 m
738 307 788 382 ιι.
808 309 984 386 Tounto-

298 503 331 558 et
345 483 469 574 naribus
494 489 693 556 dominorum
718 507 764 566 ea,
780 507 851 574 qum
873 479 1058 570 profluentia
1079 479 1355 563 necessaridtetri
1428 510 1429 554 ι

294 612 401 668 essent
403 599 531 688 aliquid
544 600 706 679 habitura3
728 597 775 662 sle
789 606 899 662 natura
912 615 961 660 ιιι
976 591 1092 658 similes
1106 595 1218 678 procul
1231 609 1351 658 aman-

295 711 378 780 davit
392 715 411 778 d
426 713 581 780 sensibus.

337 919 417 990 Quis
442 919 516 984 verd
531 917 646 1004 opifex,
661 928 777 1004 preter
788 927 942 999 ιιιιιιιιιιιι,
958 915 1119 1003 qutnihir
1134 924 1249 1004 potest
1269 935 1349 979 esse

293 1029 445 1111 callidius,
460 1037 579 1094 tantam
593 1030 750 1096 solertiam
774 1028 918 1116 persequi
939 1029 1095 1114 potuisset
1119 1027 1153 1092 in
1173 1025 1347 1108 sensibus3

295 1161 366 1228 que
387 1140 525 1228 primurn
540 1141 649 1206 oculos
671 1139 857 1206 membranis
872 1139 1061 1206 tenuissimis
1076 1137 1200 1210 vestivit
1213 1148 1246 1204 et
1267 1157 1349 1221 sep·

295 1252 354 1318 sit·
342 1301 355 1336 ,
379 1273 454 1340 quas
475 1251 610 1344 primum
633 1250 806 1338 perlucidas
827 1250 913 1331 fecit,
928 1260 965 1316 ut
977 1273 1033 1336 per
1047 1271 1098 1314 eas
1113 1249 1197 1316 cerni
1210 1257 1348 1336 possen

293 1359 396 1453 firmas
411 1371 527 1442 autem,
542 1371 578 1424 ut
603 1359 809 1428 continerent.
854 1360 917 1426 Sed
941 1360 1077 1426 lubricos
1092 1361 1200 1424 oculos
1213 1357 1291 1424 lecit
1306 1365 1343 1424 et
1431 1427 1432 1442 ,

295 1443 436 1554 mobiles,
449 1481 486 1538 ut
511 1483 543 1538 et
568 1455 809 1554 declinarent,
784 1493 811 1536 ιι
834 1469 909 1557 quid
931 1478 1078 1552 noceret,
1101 1479 1134 1534 et
1147 1465 1344 1552 adspectum,

294 1583 357 1670 qud
377 1583 504 1662 vellent,
530 1582 620 1646 facile
643 1589 869 1648 converterent.
912 1578 1099 1668 Aciesque
1088 1599 1167 1666 ipsa,
1189 1581 1251 1666 qul
1272 1598 1344 1646 cer

292 1691 407 1770 nimus,
419 1711 489 1776 quse
504 1689 624 1776 pupilla
637 1698 775 1770 vocatur,
790 1689 836 1760 its,
846 1709 942 1776 parva
951 1699 1010 1772 est,
1025 1699 1062 1756 ut
1076 1711 1124 1770 ea,
1138 1711 1209 1776 qua
1225 1710 1341 1757 ιιοιιιι

293 1781 425 1885 possint,
451 1797 542 1862 facile
571 1798 660 1864 vitet.
705 1797 936 1886 Palpebraeque,
961 1822 1033 1887 qure
1059 1809 1134 1864 sunt
1152 1803 1345 1885 -tegranenta

262 1897 264 1902 ¹
291 1911 466 1989 oculomm,
482 1907 673 1974 mollissimae
699 1919 796 1990 tactu,
810 1932 851 1974 ne
873 1909 1023 2002 laederent
1048 1911 1157 1992 aciem,
1180 1910 1344 1998 aptissime

292 2021 385 2091 facts
400 2029 432 2086 et
456 2020 500 2092 ad,
520 2019 706 2090 claudendas
727 2019 884 2108 pupillas,
903 2043 943 2086 ne
966 2019 1044 2106 quid
1067 2021 1226 2106 incideret,
1248 2029 1283 2087 et
1303 2021 1344 2084 ad
1433 2043 1434 2058 ι

294 2131 473 2218 aperiendas
483 2157 501 2212 ι.
517 2130 609 2216 idque
633 2131 778 2218 providit,
793 2141 829 2198 ut
854 2127 1022 2196 identidem
1048 2131 1116 2198 lieri
1140 2142 1246 2219 posset
1267 2153 1341 2198 cum

292 2243 429 2323 maximi
456 2241 630 2308 celeritate·
679 2241 876 2330 Munitoeqoe
904 2252 980 2308 sunt
1005 2245 1162 2329 palpebre
1189 2248 1341 2332 tanquam

289 2355 373 2432 vallo
395 2355 552 2440 pilorum:
575 2355 699 2444 qmlrus,
714 2364 747 2420 et
771 2353 884 2441 apertis
909 2352 1020 2434 oculis,
1035 2351 1150 2439 siquid
1175 2351 1336 2430 incideret,

291 2455 512 2550 repelleretur,
534 2475 567 2530 et
590 2487 702 2530 somno
726 2464 975 2546 conniventibus,
990 2465 1062 2528 cum
1085 2461 1246 2529 oculisad
1271 2481 1340 2527 cer·

291 2573 430 2642 nendum
444 2597 510 2640 non
523 2595 695 2658 egeremus,
710 2582 747 2636 ut
767 2573 831 2660 qui,
857 2583 1005 2660 tanquam
1031 2573 1175 2654 involuti,
1200 2572 1339 2662 quiesces,

288 2690 370 2748 rent.
413 2683 530 2748 Latent
554 2691 704 2766 praeterea
724 2681 852 2764 utiliter,
867 2689 900 2747 et
925 2683 1055 2750 excelsis
1080 2683 1216 2770 undique
1240 2681 1338 2769 parti⁴

288 2793 348 2858 bus
373 2790 548 2876 sepiuntur·
590 2789 730 2858 Primum
751 2791 842 2858 enim·
852 2794 1010 2879 superiora
1034 2791 1205 2878 superciliis
1219 2791 1336 2858 obduc-

290 2911 333 2986 ιι,
349 2902 493 2970 sudorem
507 2901 641 2992 dcapite
656 2911 688 2968 ιι
707 2903 811 2970 fronte
824 2903 1011 2969 defluentem
1025 2905 1193 2989 repellunt·
1237 2901 1337 2968 Genae

288 3005 413 3078 deinde
426 3013 467 3076 ab
506 3010 649 3076 inferiore
686 3021 772 3098 parte
800 3021 942 3078 tutantur
969 3013 1132 3101 subjacus,
1166 3013 1337 3100 leviterque

287 3125 471 3191 emittentes.
513 3123 620 3188 Nasus
642 3122 687 3188 its
711 3123 831 3188 locans
857 3133 916 3203 est,
924 3133 968 3188 ut
991 3123 1079 3210 quasi
1102 3125 1210 3192 murus
1235 3123 1335 3240 oculis

288 3229 471 3319 interjectus
484 3253 552 3298 esse
567 3231 716 3300 videatur.
788 3269 794 3279 ι
863 3273 866 3278 ·
1033 3253 1035 3258 ’
1334 3257 1338 3264 ·

327 3437 466 3510 ‚Auditus
490 3449 596 3509 autem
621 3461 744 3534 semper
767 3452 873 3528 patets
902 3442 972 3531 ejus
1001 3445 1085 3508 enim
1113 3449 1209 3511 'sensu
1239 3444 1333 3510 etiarn

287 3545 475 3618 dormientes
486 3571 642 3633 ,egemus3
663 3554 760 3638 aquo
774 3555 847 3616 edm
874 3572 969 3618 sonus
995 3564 1043 3618 est
1053 3575 1056 3584 ¹
1068 3565 1225 3640 acceptus,
1240 3555 1332 3621 eliam

288 3663 443 3731 esomno
466 3660 647 3726 excitemur.
704 3663 896 3728 Flexuosunr
922 3663 980 3730 iter
1002 3665 1107 3745 habet,
1122 3687 1163 3730 ne
1187 3665 1263 3750 qoid
1284 3660 1339 3732 in·'

287 3768 495 3860 trareponsit⁸⁴
535 3768 709 3860 Provisum.
720 3771 826 3860 etiam,
839 3783 887 3854 ut,
913 3775 941 3838 sl
966 3791 1028 3860 qua
1050 3775 1180 3842 minima
1200 3776 1342 3842 bestiola·

202 3935 206 3942 .
287 3885 451 3944 conaretur
475 3878 617 3966 irrepere,
633 3879 665 3946 in
692 3881 832 3948 sordibus
858 3886 989 3967 aurium,
1002 3897 1150 3974 tanquam
1175 3888 1217 3955 in'
1235 3888 1338 3968 visco,

286 3989 512 4058 inhaerescerct.
563 3991 671 4058 'Extra
706 4003 810 4060 autem
848 3996 998 4078 eminent,
1033 4019 1103 4084 quse
1128 3997 1330 4084 appellantur
