2852 4714
503 335 780 424 barunculo.
1092 331 1160 418 ἡ

115 533 225 590 vatam
239 521 355 588 civium
368 516 558 586 defenderat.
601 519 692 586 Nihil
713 531 818 590 tamen
832 519 940 610 egisti,
955 521 1003 592 Μ.
1019 520 1158 586 Antouis

119 635 223 721 (cogit
248 633 333 700 enim
358 631 507 696 excedere
528 631 684 716 propositi
709 633 842 699 formam
865 633 980 721 operis,
995 649 1165 718 erumpens·

115 736 226 812 animo
250 764 292 810 ac>
310 716 438 829 peciisse
462 739 648 826 indignatio)
663 740 755 823 nibil,
778 745 919 830 inquam,
945 743 1048 830 egisti,
1073 765 1156 808 mer·

115 855 227 920 cedem
249 843 460 920 ccelestissimi
482 850 544 916 oris
567 859 599 914 et
620 852 782 918 clarissimi
809 855 919 940 capitis
948 854 1078 920 abscissi
1098 875 1158 919 nu·

114 961 278 1043 meretrici,
294 968 592 1046 auctoramentoque
606 963 731 1026 funebri
754 965 793 1028 ad
806 965 1034 1031 conservatoris
1056 967 1158 1052 quon·

116 1075 189 1140 dalu
215 1073 395 1160 'reipublicae
417 1073 558 1158 turrique
579 1072 655 1138 Cos.
677 1073 825 1140 irritanuo
849 1085 968 1141 necem.
1013 1069 1160 1162 Rapuis‘ii

117 1197 153 1252 tu
170 1185 223 1251 M.
238 1185 384 1253 Ciceroni
396 1187 499 1249 lucem
525 1183 689 1264 solicitum,
704 1189 736 1250 et
752 1191 878 1251 ietatem
894 1187 1036 1265 senilem,
1052 1191 1086 1250 e't
1111 1181 1157 1247 ii-

116 1307 182 1359 tant
199 1295 390 1360 miseriorem
415 1305 446 1358 te
471 1294 622 1380 principe,
637 1297 732 1380 quim
756 1297 815 1360 sub
840 1307 871 1361 te
888 1297 1051 1362 triumviro
1072 1297 1156 1360 rrioi·

118 1419 208 1472 tem:
242 1405 355 1471 lamam
379 1407 452 1469 verb
481 1403 676 1490 gloriamque
706 1407 860 1470 factorum
883 1416 978 1491 atquc
998 1403 1156 1470 dictoruiir

118 1517 196 1580 edeb
222 1531 287 1580 non
310 1513 478 1594 abstulisti,
495 1521 531 1578 ut
554 1515 687 1580 auxeris.
732 1515 828 1598 Vivit,
844 1515 988 1602 vivetque
1013 1537 1072 1602 per
1090 1521 1158 1580 oni'·

119 1651 192 1692 nem
215 1630 402 1692 saeculorum
425 1623 628 1690 memoriam:
650 1611 789 1711 iiumque
820 1628 892 1707 hoc,
915 1630 964 1691 vel
995 1629 1078 1692 rorte
1108 1629 1159 1692 vel

119 1735 325 1824 providentii,
340 1737 391 1802 vel
405 1743 580 1822 utcumque
594 1736 815 1818 constitutum,
831 1759 935 1804 rerum
950 1748 1071 1804 naturae
1086 1755 1157 1803 eor·

72 1931 74 1935 Ι
115 1861 176 1933 pus
193 1847 295 1933 (quoti
318 1845 373 1911 ille
396 1852 476 1935 pene
500 1850 588 1912 solus
604 1849 819 1915 Romanorum
845 1849 951 1915 animo
965 1851 1052 1930 vidit,
1067 1839 1156 1936 ingess

118 1959 173 2023 nio
190 1961 382 2045 ¹complexus
408 1968 468 2038 est,
490 1956 672 2043 eloquentia
695 1957 895 2037 illuminavit)
914 1959 1050 2024 manebit
1072 1959 1170 2024 iuco-x

118 2073 218 2152 lame,
233 2069 383 2135 comitem
409 2068 542 2134 aevi‘sui
568 2069 692 2134 laudern
708 2068 869 2136 Ciceronis
893 2073 1017 2154 trahet3
1041 2065 1159 2136 omnis·

120 2201 180 2264 que
205 2178 373 2265 posteritas
397 2177 482 2244 illius
505 2179 537 2246 in
562 2187 592 2244 te
617 2179 733 2266 scripta
746 2181 918 2265 mirabitur,
935 2191 1025 2248 tuum
1041 2169 1072 2252 iu
1088 2167 1160 2250 earu
1246 2251 1249 2258 ,

116 2277 238 2356 iactum
254 2287 474 2354 exsecrabitur.
592 2328 595 2334 ·

456 2551 591 2618 Buurus
613 2561 647 2616 et
670 2551 818 2618 Cassius.

165 2713 264 2780 llunc
289 2710 409 2774 exitum
426 2707 476 2774 M.
491 2707 584 2774 Bruti
610 2708 759 2793 partium,
775 2707 946 2792 septimum
971 2715 1005 2771 et
1018 2713 1092 2771 xxii
1105 2715 1161 2774 m·-

124 2843 199 2888 uum
225 2820 358 2906 agentis,
373 2821 500 2884 fortuna
524 2837 593 2881 esse
616 2817 736 2882 voluit:
760 2823 909 2901 corrupto
923 2814 1029 2880 animo
1043 2815 1115 2904 ejus
1128 2808 1165 2884 ll

124 2933 218 3015 diem,
233 2953 305 3018 quae
328 2929 372 2995 illi
387 2951 497 2994 ornnes
511 2928 643 2992 virtutes
659 2928 752 2990 unius
776 2925 953 2991 temeritate
965 2926 1040 2990 iacti
1054 2929 1164 2992 abstu-

125 3044 170 3109 lit.
215 3043 291 3109 Fuit
313 3052 420 3106 autcm
443 3038 506 3102 dux
528 3037 656 3102 Cassius
679 3036 935 3121 melion-quanto
957 3033 1004 3102 vir
1026 3035 1164 3100 Brutus:

125 3156 271 3241 equibus
286 3153 421 3219 Brutum
437 3150 573 3216 amicum
597 3148 710 3226 habere
738 3148 860 3225 malles,
875 3143 1038 3210 inimicum
1063 3145 1164 3232 magis

125 3262 248 3330 timeres
274 3264 431 3328 Cassium.
474 3261 517 3326 lu
537 3263 637 3325 altero
661 3258 761 3344 major
785 3255 903 3337 vis‚·in
928 3259 1028 3324 altero
1053 3257 1163 3326 virtus.

125 3367 188 3442 Qui
212 3371 240 3438 si
264 3373 425 3451 vicissent,
440 3369 594 3458 quantum
621 3369 800 3454 reipublice
826 3367 980 3449 interluit,
1007 3355 1164 3434 Ciesurotll

126 3485 229 3566 potitis
251 3483 365 3550 lubere
380 3488 476 3570 quam
491 3479 668 3548 Antonium
693 3479 878 3566 principem,
893 3481 1018 3546 tantum
1039 3469 1164 3553 τεμῶ·

128 3599 174 3660 set
187 3583 457 3662 hsoeresrutum
471 3595 566 3681 quim
582 3589 739 3656 Cassium.
