2852 4700
682 269 734 360 ιιι
757 259 892 334 ιιιια

224 865 227 874 ·
274 833 371 932 Ηιιιι.Ι
387 832 534 932 §locum
557 827 646 894 etC
667 805 775 894 Moru
798 805 961 974 Scnvons
960 823 1140 923 fortitudo.
1183 827 1256 894 Lssr.
1272 801 1316 894 1'1.

290 950 340 976 ··
470 954 565 970 ··'
704 937 884 1004 UC2ffl

272 1137 391 1260 JAM
410 1177 570 1268 Tarquinii
594 1179 632 1243 ad
656 1177 782 1242 Lartem
808 1173 989 1289 Porsenam,
1006 1167 1172 1256 Clusinum
1178 1191 1314 1295 regem,

274 1303 485 1414 perfugerant
529 1299 579 1365 ibi
593 1297 753 1368 miscendo
768 1294 963 1364 consilium
947 1317 1129 1382 precesque,
1145 1315 1231 1360 nunc
1246 1317 1326 1396 ora-y

273 1417 361 1496 bant,
378 1435 416 1478 ne
439 1435 484 1492 se,
501 1405 649 1516 oriundos
665 1433 706 1477 en
714 1405 870 1504 Etruscis,
882 1405 1023 1506 ejusdem
1038 1406 1197 1491 sanguinis
1213 1406 1314 1476 nomi·

277 1524 401 1629 nisque,
416 1529 543 1607 egentes
566 1518 691 1590 exulare
715 1521 892 1604 pateietur.
916 1542 1002 1588 nuuc
1025 1521 1196 1596 mouebant
1211 1517 1313 1595 etiarn,

275 1631 468 1700 morientem
482 1651 593 1724 morena
610 1615 742 1711 pelleddi
758 1652 845 1715 reges
870 1627 998 1700 inultum
1017 1631 1135 1702 sineret.
1181 1629 1273 1722 Setis
1280 1629 1315 1692 li-

273 1717 454 1812 bertotem
441 1763 542 1824 ipsam
565 1715 674 1807 tabee
696 1733 872 1830 dulcedinis.
919 1739 989 1806 Nisi
1012 1742 1170 1830 quoatdoa'
1184 1741 1315 1808 civetates

272 1875 338 1919 eom
364 1852 516 1955 expetant,
529 1849 621 1918 tootd
642 1855 742 1940 regno
762 1873 848 1939 reges
871 1849 1047 1932 defendant,
1053 1851 1177 1936 coelom
1199 1869 1315 1915 sommo

268 1935 392 2045 infimis
423 1961 523 2026 ‘Noti
536 1961 694 2053 excelsum,
709 1961 783 2024 nihil
796 1964 878 2046 qood
900 1981 994 2045 sttpro
1008 1971 1119 2026 caetero
1132 1962 1272 2040 emineat,
1284 1961 1314 2023 ιἰι

271 2063 443 2146 oie‘dotibue
450 2069 534 2153 fore.
566 2069 782 2150 Adessefioem
795 2071 908 2156 reguis,
922 2073 967 2136 rei
980 2069 1155 2138 intcr'Deos
1169 2073 1313 2136 immines-

275 2189 333 2272 qoe
355 2162 575 2265 poiclecria'moe.
619 2179 765 2258 Porsena,
791 2191 989 2268 tum'regem
1014 2205 1083 2248 esse
1107 2183 1231 2265 Romae,
1248 2195 1312 2255 tum

272 2295 417 2362 Etruscae
442 2291 545 2378 gentis
560 2313 679 2376 regem,
694 2293 834 2378 amplum
849 2291 962 2358 Tuscis
988 2303 1086 2374 ratus,
1101 2293 1239 2360 Romam
1267 2293 1327 2357 ἱιι-Ι

275 2407 359 2476 festo
373 2404 513 2470 exercitu
527 2401 623 2468 venit.
667 2403 743 2468 Non
758 2423 895 2488 unquam
908 2402 985 2466 aliis
1007 2407 1081 2466 ente
1097 2411 1203 2468 tentus
1220 2414 1314 2472 terror
1399 2435 1400 2450 ι

274 2493 418 2610 senatum
443 2513 567 2579 invasit.
612 2513 703 2578 Adeo
717 2511 820 2581 ,valida
843 2533 892 2575 res
907 2521 976 2576 tum
992 2511 1123 2576 Clusina
1137 2521 1215 2592 erat,
1230 2534 1313 2596 meg·

273 2649 411 2714 numque
427 2623 575 2692 Porsenae
589 2645 715 2688 nomen.
759 2623 829 2687 Nec
844 2621 952 2686 hostes
968 2621 1062 2686 mode
1084 2623 1248 2704 timebant,
1263 2617 1314 2688 sed

274 2744 427 2814 suosmet,
444 2732 502 2816 ipsi
525 2731 628 2814 cives;
652 2755 690 2796 ne
706 2731 849 2799 Romana
860 2735 962 2819 plebs,
979 2743 1066 2798 metu
1088 2735 1245 2828 perculsa,
1266 2756 1312 2799 re·

272 2846 372 2932 ceptis
389 2843 420 2908 in
436 2845 546 2912 urbem
560 2843 697 2931 regibus,
711 2846 761 2907 vel
776 2866 849 2908 eum
865 2846 1017 2910 servitute
1028 2869 1140 2932 pacem
1152 2848 1312 2934 reciperet.

275 2955 381 3022 Multa
406 2951 502 3038 igitur
525 2953 738 3024 blandimenta
762 2953 848 3040 plebi
871 2977 928 3040 per
953 2953 985 3019 id
1001 2966 1125 3044 tempus
1139 2959 1179 3024 ab
1202 2967 1310 3022 senatu

273 3068 353 3132 data.
396 3067 503 3149 Atque
519 3063 587 3126 haec
603 3063 797 3148 indulgentia
811 3063 954 3146 Petrum,
969 3067 1087 3152 asperis
1110 3069 1311 3153 postmodum
1396 3117 1397 3140 2

273 3181 366 3244 rebus
381 3177 413 3240 in
435 3175 598 3240 obsidione
624 3197 660 3238 ac
686 3177 778 3256 fame,
794 3176 870 3240 adeo
892 3177 1081 3244 concordem
1092 3175 1253 3243 civitatem
1269 3187 1311 3241 te-
1396 3153 1397 3245 i

271 3289 354 3367 nuit,
367 3299 404 3352 ut
419 3289 541 3372 regium
556 3309 672 3352 nomen
686 3309 750 3352 non
766 3288 882 3354 summi
905 3289 1004 3373 magis
1020 3293 1114 3374 quim
1129 3290 1228 3354 infimi
1242 3291 1311 3356 hor·
1395 3339 1396 3360 ,

259 3410 400 3472 :terente
423 3421 482 3466 nec
498 3399 642 3485 quisnam
657 3399 740 3464 unus
756 3401 845 3464 malis
860 3401 978 3466 artibus
1001 3411 1111 3484 postea
1125 3412 1189 3465 tam
1213 3423 1312 3489 popu·

261 3510 453 3590 lerteeset,
462 3515 558 3596 quam
571 3521 640 3578 turn
652 3513 731 3578 bene
743 3511 925 3598 imperando
936 3511 1097 3576 universus
1109 3521 1234 3578 senatus
1243 3511 1311 3576 fuit.

275 3799 279 3806 1
313 3721 420 3792 Quum
439 3721 546 3786 hostes
561 3723 723 3805 adessent,
740 3747 796 3811 pro
813 3748 845 3788 se
862 3727 994 3811 quisque
1008 3727 1040 3790 in
1055 3727 1162 3790 urbem
1181 3747 1219 3790 ex
1233 3721 1310 3809 agris

270 3831 465 3916 demigrante
494 3834 605 3898 urbem
632 3833 734 3918 ipsam
763 3836 890 3919 sepiunt
919 3837 1089 3925 praesidiis:
1120 3837 1182 3903 alia
1206 3835 1310 3911 muris,

264 3941 331 4022 alia
353 3940 466 4006 Tiberi
485 3939 612 4030 objecto
639 3943 824 4012 videbantur
849 3956 943 4027 tuta„
974 3947 1058 4015 Pons
1085 3948 1234 4018 sublicius
1256 3947 1311 4016 iter

1388 4409 1391 4622 1
