2852 4700
253 311 315 438 {al
662 355 871 436 muno:

181 559 185 566 '
266 542 360 624 ,Arx
389 541 501 607 Romae
530 539 785 628 Capitoliumque
820 543 853 606 in
890 539 1010 627 ingenti
1045 540 1184 628 periculo
1214 538 1290 608 luit‘.

249 655 397 741 Namque
411 651 509 732 Galli,
524 673 580 716 seu
595 653 726 738 vestigio
742 661 851 717 notato
864 635 1014 734 humano,
1030 675 1087 718 seu
1102 657 1159 719 sul
1175 664 1292 740 sponte

250 764 464 832 animadverso
478 761 517 826 ad
528 761 706 827 Carmentis
722 783 832 828 saxum
847 783 979 828 ascensu
990 783 1095 849 aquo,
1107 771 1202 830 nocte
1211 765 1292 828 sub-

251 875 357 960 lustri,
371 895 470 962 quum
493 871 597 960 primb
612 871 776 953 inermem,
791 873 846 959 qui
861 878 997 940 tentaret
1010 871 1103 956 viam,
1117 869 1297 960 praemtsts:

250 998 333 1070 sent,
348 985 508 1052 tradentes
523 983 594 1050 inde
609 1005 704 1068 mma,
719 983 772 1050 ubi
787 983 862 1073 quid
885 985 984 1071 iniqui
999 991 1092 1066 esset,
1113 985 1226 1049 alterni
1240 985 1294 1050 iu-

250 1099 327 1180 nixi,
341 1097 635 1190 sublevantesque'
625 1097 761 1162 invicem
784 1107 818 1161 et
841 1095 1000 1164 trahentes
1022 1097 1076 1161 alii
1090 1089 1187 1178 alios,
1193 1105 1295 1210 prout

249 1214 422 1306 postularet
449 1211 551 1292 locus,
579 1218 667 1274 tanto
695 1207 857 1273 silentio'
848 1229 881 1274 m
907 1221 1067 1282 summum
1091 1202 1228 1290 evasere,
1252 1219 1311 1273 ut¹

250 1347 316 1394 non
338 1319 485 1389 custodes
509 1321 616 1386 solum
642 1321 798 1402 fallerent,
814 1317 869 1384 sed
884 1339 924 1384 ne
939 1341 1031 1384 canes
1045 1319 1185 1406 quidem,
1200 1319 1293 1382 eolli-

250 1437 350 1502 citum
364 1435 479 1500 animal
494 1433 533 1500 ad
553 1415 724 1500 nocturnos
747 1429 910 1518 strepitus,
925 1430 1108 1496 excitarent.
1152 1431 1294 1494 Anseres

251 1568 315 1612 non
339 1547 442 1610 refelle
427 1549 498 1626 ἔτος
522 1543 634 1630 quibus
659 1541 753 1606 sacris
768 1541 922 1607 Jononi
913 1563 946 1608 rn
969 1545 1094 1608 summi
1109 1541 1213 1628 inopia
1228 1540 1297 1606 cibi

251 1663 356 1751 umen
370 1653 593 1720 abstinebatur.
637 1649 720 1721 Quoe
735 1673 785 1716 res
809 1654 903 1716 saluti
927 1653 999 1722 fuit.
1042 1655 1188 1740 Namque
1202 1655 1294 1718 clan-

250 1787 329 1850 gore
351 1785 461 1828 eorum
484 1763 666 1848 alarumque
691 1761 815 1846 crepitu
837 1763 958 1828 excitus
982 1763 1031 1828 Μ.
1055 1763 1210 1844 Manlius,
1236 1765 1295 1852 qui

251 1872 387 1938 triennio
401 1877 474 1938 ante
489 1873 602 1938 consul
616 1873 773 1954 fuerat,
744 1896 792 1938 vn
805 1875 892 1939 bello
906 1875 1064 1962 egregius,
1076 1878 1170 1942 armis
1185 1899 1294 1964 arrep-

252 1983 293 2048 tis
309 1984 403 2050 simul
417 1983 457 2048 ad
480 2005 565 2049 arma
580 1993 713 2079 caeteros
727 1983 812 2048 ciens
827 1981 932 2068 vadit3
955 1996 998 2068 et,
1014 1985 1089 2051 dum
1105 1985 1211 2052 caeteri
1228 1996 1294 2052 tre-

251 2093 372 2182 pidant,
396 2093 539 2176 Gallum,¹
557 2091 617 2184 ,qui
639 2089 706 2179 jam
732 2093 765 2158 in
789 2116 913 2160 summo
936 2097 1133 2183 constiterat,
1155 2099 1296 2177 umbone

252 2203 351 2270 ictum
368 2203 521 2270 deturbat.
545 2201 646 2290 Cujus
662 2225 752 2270 casus
765 2205 906 2291 prolapsi
920 2229 1020 2294 quum
1034 2203 1296 2298 proximosster'ss

253 2324 353 2398 neret,
382 2313 573 2402 trepidantes
602 2295 694 2399 alios,
722 2313 878 2403 armisque
903 2313 1041 2400 omissis,
1067 2341 1151 2402 saxa,
1178 2321 1296 2410 quibus

130 2431 132 2440 ’
250 2427 467 2508 adhaerebant,
478 2427 622 2493 manibus
647 2429 807 2514 amplexos
831 2427 985 2496 trucidat.¹
1019 2427 1155 2518 Jamque
1179 2442 1213 2498 et
1238 2431 1309 2499 alii'

254 2537 437 2626 congregati
452 2537 522 2602 telis
536 2537 771 2664 missilibusque
785 2537 867 2604 saxis
888 2539 1071 2624 proturbare
1092 2541 1213 2622 hostes,
1229 2539 1296 2606 rui-¹

253 2656 356 2736 obque
371 2657 438 2712 tota
452 2647 600 2733 prolapsa
612 2647 695 2711 acies
722 2645 755 2712 in
780 2667 920 2736 praeceps
935 2647 1058 2728 deferri.
1102 2649 1218 2716 Sedato
1239 2651 1296 2717 ‹le-

253 2759 325 2825 inde
346 2759 499 2862 tumulltu,
515 2757 672 2844 reliquum
695 2758 798 2822 noctis
817 2762 1004 2846 (quantum
999 2783 1027 2823 ·n
1054 2760 1187 2826 turbatis
1203 2771 1296 2827 men·
1298 2779 1302 2788 ’

255 2867 342 2938 tibus
366 2875 501 2954 poterat,
516 2887 613 2954 quum
628 2867 825 2956 praeteritum
840 2891 966 2958 quoque
986 2869 1158 2978 perieulum
1174 2873 1297 2938 sollici-

256 2981 363 3064 taret)
376 2979 473 3068 quieti
500 2979 608 3044 datum
636 2987 698 3047 est.
740 2980 829 3048 Luce
855 2985 936 3065 orti,
958 2981 1077 3048 vocatis
1101 2971 1233 3090 classico
1258 2985 1300 3088 ad

256 3205 342 3270 facto
367 3201 503 3288 pretium
527 3199 711 3284 deberetur;
746 3201 888 3266 Manlius
915 3201 1119 3292 primbm'ob
1145 3197 1299 3274 virtutem
1421 3237 1422 3242 ¹

255 3311 399 3408 laudatur
422 3311 634 3398 donatusque,
645 3333 712 3378 non
735 3313 773 3378 ab
799 3313 932 3380 tribunis
956 3315 1059 3382 solbm
1075 3305 1225 3399 militum,
1241 3319 1302 3384 sed

256 3413 415 3492 eonsensu
440 3419 534 3488 etiam
561 3421 708 3491 militaria
740 3421 792 3488 cui
820 3421 958 3492 universi
986 3425 1113 3494 selibras
1139 3427 1239 3510 farris,
1265 3440 1303 3498 et

256 3527 432 3614 quartarios
447 3530 520 3610 vini,
535 3532 574 3598 ad
597 3533 680 3598 rades
704 3531 786 3620 ejus,
803 3557 873 3621 qum
898 3535 931 3601 in
952 3558 1023 3603 arce
1038 3527 1136 3621 erant,
1152 3543 1301 3606 contule-

232 3647 350 3721 ,1unt3
373 3659 441 3710 rem
465 3639 552 3710 dio-tu
575 3662 714 3735 parvam,
738 3645 879 3712 ceteram
906 3643 1011 3734 inopia
1035 3651 1151 3716 fecerat
1164 3673 1231 3716 eam
1250 3674 1303 3718 ar-

256 3760 448 3838 gumentum
472 3751 581 3836 ingens
606 3755 763 3838 caritatis3
787 3777 886 3842 quum
913 3779 947 3825 se
973 3759 1104 3847 quisque
1117 3757 1214 3828 ‘victu
1239 3785 1305 3828 suo
1418 3737 1419 3780 ³

257 3863 416 3943 fraudans,
442 3859 617 3928 detractum
644 3865 769 3952 corpori
794 3875 888 3950 atque
915 3867 1024 3933 usibus
1053 3871 1235 3936 necessariis
1263 3875 1305 3940 ad
1416 3866 1419 3910 1

208 3992 211 4000 ’
257 3975 410 4040 honorent
425 3972 517 4038 unius
540 3974 598 4038 viri
612 3978 779 4042 conferret.
822 3977 907 4043 Tum
923 3981 1033 4066 vigiles
1058 3979 1128 4070 ejus
1144 3965 1304 4070 locisque
1414 3993 1419 4050 ἵ

231 4129 237 4136 .
258 4083 411 4160 fefellerat
425 4082 595 4160 ascendens
619 4075 851 4187 hostiarium
875 4099 908 4158 et
923 4113 1020 4184 quum
1045 4093 1079 4166 in
1092 4117 1213 4182 omnes,
1229 4117 1303 4166 mo·
1416 4097 1418 4152 Ῑ
