2852 4714
286 339 355 420 270
643 343 703 416 lte·
718 342 767 412 Μ.
789 339 986 414 vuonmo

292 521 390 596 retur,
412 516 451 582 C.
467 513 572 582 Mario
596 517 715 580 bellum
741 515 959 582 decerneretur
982 513 1256 600 Mithridaticum
1276 521 1342 584 uli-

290 643 387 709 asque
410 625 496 710 leges
511 624 699 710 perniciosos
713 633 747 689 et
762 622 948 706 exitiabiles,
962 647 1067 713 neque
1090 628 1270 694 tolerandus
1296 631 1340 694 li·

167 729 171 736 '
217 749 229 780 ι
289 735 374 800 beree
406 734 536 815 civitati,
565 734 661 802 tulitr'
695 733 867 820 quinefium
888 734 935 806 Q.
961 733 1113 822 Pompeii·
1127 737 1202 802 Cos.
1224 738 1340 818 lilium,

289 847 485 932 eundemque
510 845 611 910 Solle
636 865 798 930 generum,
812 867 869 930 per
892 845 1067 912 emissarios
1093 846 1242 913 fectionis
1266 871 1335 915 sure

287 954 456 1020 interfecit.
1169 973 1173 982 ’

328 1165 414 1232 'l'urn
429 1166 698 1235 Sullacontmoto
721 1169 861 1236 exercitu
884 1169 923 1232 sd
947 1170 1054 1234 urbem
1080 1168 1334 1256 remeantque

284 1277 379 1343 munis
407 1279 594 1365 omupsvit3
616 1277 683 1345 llll
710 1291 855 1346 suctores
882 1299 1033 1344 nouarum
1062 1279 1331 1367 pessimorumque

285 1409 401 1472 rerum,
416 1391 498 1458 inter
522 1413 601 1480 quos
617 1393 755 1458 Marium
780 1410 852 1458 cum
877 1391 945 1456 lilio
966 1399 1000 1453 et
1024 1389 1061 1454 Ρ.
1081 1387 1240 1475 Sulpicio,
1254 1391 1330 1456 urbe

284 1503 533 1584 asturiensium
559 1507 628 1589 lege
654 1507 718 1568 luti
740 1506 866 1568 exsules
892 1500 982 1567 fecit.
1028 1501 1210 1586 sulpicium
1237 1491 1344 1568 etlum'

284 1611 426 1679 adsecuti
438 1617 561 1701 equites
577 1616 610 1679 in
634 1615 834 1683 Laurentinis
859 1611 1023 1700 paludibus
1044 1610 1256 1698 jugulassem
1276 1633 1331 1678 cs-

283 1733 404 1808 putque
417 1721 498 1810 ejus,
513 1732 653 1789 ereetum
668 1735 702 1789 et
716 1733 909 1790 ostenutom
923 1743 981 1809 pro
996 1723 1121 1803 rostris,
1138 1725 1228 1788 velut
1240 1742 1331 1790 omen

282 1834 475 1898 imminentis
499 1835 735 1922 proscriptionis
750 1837 820 1901 luit.
865 1835 997 1916 Murius,
1012 1845 1086 1920 post
1105 1844 1231 1900 sextum
1257 1853 1329 1901 con-

282 1945 432 2026 solatum,
454 1965 600 2032 annoque
627 1949 732 2030 LXX,
756 1947 861 2012 nudus
885 1967 923 2012 sc
949 1947 1025 2011 limo
1049 1942 1197 2029 obrutus,
1225 1950 1329 2014 oculls

284 2059 504 2121 tautummodo
528 2079 567 2120 so
591 2058 717 2122 naribus
742 2059 964 2138 eminentibus,
980 2067 1141 2124 extructus
1164 2061 1330 2126 nundine-

284 2175 330 2244 to,
353 2166 436 2231 circa
459 2169 605 2253 paludem
630 2169 761 2233 Maricae
788 2169 833 2252 (in
863 2191 957 2254 quem
984 2191 1029 2250 se,
1053 2171 1178 2256 fugiens
1202 2195 1329 2238 consec-

281 2285 385 2340 tontes
401 2277 500 2342 Sullae
516 2279 650 2364 equites,
665 2277 838 2362 obdiderat)
856 2278 975 2367 injecto
999 2281 1031 2344 in
1056 2275 1174 2347 collum
1197 2286 1279 2366 loro,
1294 2285 1326 2350 in

282 2401 440 2454 educerem
461 2389 730 2454 Minturnensium
749 2389 842 2477 jussu
865 2391 1053 2456 duumvirsli
1076 2394 1249 2478 perductus
1271 2407 1329 2460 est.

177 2553 185 2580 ,
282 2498 333 2562 nd
348 2521 442 2585 quem
454 2499 708 2566 interficiendum
724 2502 839 2566 missus
864 2525 939 2566 cum
964 2503 1070 2587 gladio
1093 2526 1202 2570 servus
1226 2507 1329 2593 publi·

280 2631 350 2690 cus,
365 2610 494 2674 notione
511 2610 689 2674 Germanus
706 2611 774 2696 (qui
795 2613 879 2677 forte
906 2616 945 2676 sb
973 2613 1162 2698 imperatore
1182 2620 1330 2698 somello

282 2719 453 2797 Cimbrico,
469 2708 579 2802 coptos
594 2721 673 2801 emt)
691 2730 729 2784 ut
752 2713 882 2806 agnouit
905 2723 1188 2811 Mosomagus
1201 2727 1330 2816 *ejulatu

279 2827 479 2914 expromenti
502 2827 746 2913 indignationem
771 2835 864 2895 costis
889 2833 969 2896 tenti
991 2831 1203 2922 viri,sbjecto
1224 2836 1330 2921 gladio

279 2941 459 3029 profugite
480 2961 614 3006 eernere.
657 2941 743 3016 Tum
769 2943 865 3024 cives,
881 2946 919 3008 ab
942 2945 1034 3009 hoste
1058 2940 1199 3013 misereri
1221 2949 1329 3034 psello

279 3059 355 3120 aute
381 3053 531 3140 principis
558 3053 616 3116 viri
643 3053 740 3134 docti,
762 3053 954 3120 instructum
980 3077 1053 3120 eum
1080 3055 1207 3138 viatico,
1228 3060 1329 3122 colle-

281 3169 376 3250 thue
397 3173 496 3243 veste,
520 3162 552 3226 in
584 3183 695 3228 navem
728 3164 957 3250 imposuerunt.
1000 3167 1046 3230 At
1075 3166 1142 3248 ille,
1163 3167 1330 3236 ndsecotos

280 3275 366 3338 circs
393 3271 550 3340 AEnstium
581 3273 693 3355 filium,
721 3295 850 3340 cursum
880 3277 914 3340 in
943 3277 1082 3342 Africam
1109 3277 1244 3360 dilexit3
1280 3275 1329 3344 in·

282 3402 438 3470 opemque
466 3387 562 3451 vitem
592 3386 623 3450 in
662 3385 791 3471 tugurio
828 3385 987 3452 ruinarmn
1022 3378 1328 3472 cmmegtnlensinn

283 3497 449 3578 toleravit3
473 3499 547 3562 edm
563 3497 685 3562 Murius
699 3497 872 3582 adspiciens
882 3497 1120 3583 Carthaginem,
1133 3497 1186 3563 ills
1199 3500 1329 3572 intuens

283 3589 433 3687 Marium,
449 3608 529 3672 alter
542 3607 632 3672 elteri
645 3619 775 3694 possent
789 3627 858 3673 esse
873 3609 996 3676 solutio.
1011 3623 1013 3628 ’

303 3815 408 3880 Mox
436 3815 474 3881 C.
498 3817 631 3900 Marius,
654 3822 693 3884 ub
715 3821 812 3886 exilio
833 3833 1008 3904 revocatus,
1031 3823 1183 3908 pestifero
1206 3823 1326 3890 civibus

284 3928 348 3993 suis
374 3926 488 4006 reditu,
513 3925 640 3994 intravit
665 3933 810 3998 Romam.
854 3935 944 3999 Nihil
971 3936 1030 4000 illu
1051 3929 1184 4001 victoris
1210 3935 1327 4002 fnisset

282 4016 450 4119 crudelius,
472 4038 534 4104 nisi
558 4059 638 4106 mox
654 4042 791 4108 Sullana
796 4055 879 4111 esset
895 4057 1013 4115 secuta,
1056 4047 1186 4134 Neque
1195 4047 1326 4116 licentio
