2852 4700
508 340 562 442 aa
583 331 716 446 srvio.
852 322 864 348 '
1070 373 1133 456 177

78 551 241 638 aquarum
264 552 345 616 circa
368 532 500 618 toriidos
516 553 621 615 lontcs
645 551 791 638 aliosque
814 559 950 634 stragem
966 549 1019 616 siti
1033 573 1127 637 peco-

79 686 159 728 rum
176 661 380 728 morientium
395 659 501 726 dedit:
526 661 629 726 scabie
651 660 712 724 alia
734 661 920 746 absumpta:
948 662 1128 748 vulgatique

80 771 242 838 contactu
258 769 291 836 in
306 771 451 838 homines
475 772 587 853 morbi,
609 781 642 836 et
663 771 767 858 primb
788 771 820 837 in
841 781 980 857 agrestes
1004 769 1133 858 ingrue-¹

80 881 183 964 rant,
203 881 411 970 servitiaque:
439 873 514 948 urbs
544 882 656 948 deinde
686 883 844 969 i'r'npletur.
902 883 972 948 Nec
1002 905 1132 970 corpora

84 995 187 1060 modb
202 995 314 1059 affecta
329 997 416 1075 tabo,
431 993 487 1059 sed
500 994 621 1060 animos
637 1016 763 1080 quoque
778 995 945 1078 multiplex
961 995 1083 1079 religio,
1100 1005 1134 1058 ct

85 1105 243 1190 pleraque
263 1111 402 1183 catomo,
426 1103 560 1185 invasit3
585 1127 681 1177 novos
700 1105 780 1170 ritus
795 1105 1008 1186 sacrificando,
1024 1105 1132 1171 vatici-

87 1214 196 1280 nando
219 1214 425 1280 inferentibus
449 1217 479 1280 in
504 1214 626 1296 domos,
650 1216 764 1302 quibus
788 1209 925 1302 quaestui
949 1227 1025 1280 sunt
1046 1219 1141 1306 'capti

88 1324 320 1411 superstitione
342 1326 435 1390 animi
450 1311 468 1407 3¹
484 1325 582 1390 donec
601 1327 746 1412 publicus
765 1325 832 1414 jam
847 1326 948 1412 pudor
964 1327 1002 1392 ad
1016 1325 1134 1412 priino-

88 1456 140 1498 res
157 1433 295 1497 civitatis
319 1435 471 1521 pervenit,
495 1413 657 1499 cernentes
681 1436 712 1498 in
735 1435 881 1500 omnibus
906 1435 981 1499 vicis
997 1415 1136 1504 sacellis·

91 1567 157 1630 que
179 1545 342 1630 peregrina
365 1556 458 1631 atque
483 1547 612 1610 insolita
634 1547 759 1632 piacula
782 1548 865 1632 pacis
888 1547 995 1612 Dellm
1020 1571 1134 1635 expos-

90 1655 216 1720 cendas.
272 1657 393 1723 Datum
419 1655 491 1720 inde
515 1657 678 1742 negotium
704 1657 858 1739 aedilibus,
884 1667 919 1722 ut
943 1660 1160 1728 animadv-etv

95 1776 213 1847 terent,
239 1751 360 1854 nequi,
382 1768 442 1834 nisi
466 1769 602 1834 Romani
621 1769 688 1856 Dii,
703 1793 765 1834 neu
780 1792 844 1854 quo
859 1769 921 1832 alio
937 1793 1023 1838 more
1039 1774 1133 1858 quim

93 1877 211 1962 patrio,
225 1875 421 1944 colerentur.'
457 1879 517 1944 Ina
531 1879 678 1944 adversus
694 1880 840 1944 Veientes
862 1879 895 1943 in
918 1878 1137 1966 insequentem
1197 1899 1200 1905 '

92 2007 222 2071 annum,
250 1992 288 2055 C.
305 1975 475 2080 Servilium
502 1990 649 2073 Ahalam,
674 1993 711 2064 1,
729 1988 886 2079 Papirium
910 1987 1137 2078 Mugillanum,

92 2101 254 2181 consules,
268 2099 372 2166 dilatae
387 2109 472 2167 suut.

244 2699 478 2800 'rostratam
495 2723 619 2804 ramea.
653 2671 726 2790 m.
740 2723 795 2790 ιν.
837 2725 877 2790 υ.
892 2723 1012 2822 cass.

106 2881 290 3024 QUUM
316 2925 357 2990 L.
371 2921 675 2990 lcilius'seditiones
699 2923 827 3008 agrariis
853 2925 975 3008 legibus
992 2930 1141 3010 ,promul-

103 3037 222 3130 ganno
236 3047 331 3112 cieret
342 3071 353 3129 3
384 3045 564 3131 pestilentia
588 3056 706 3127 coorta,
736 3045 888 3111 minacior
912 3056 1018 3130 tamen
1044 3049 1139 3131 quina

14 3157 15 3162 ’
106 3158 319 3246 perniciosior,
346 3157 553 3243 cogitationes
578 3154 740 3222 hominurn
768 3157 878 3223 aioro
903 3157 1143 3223 certaminibus-

14 3263 16 3336 ’ἶ
106 3291 165 3356 que
192 3268 340 3356 publicis,
367 3253 555 3332 ad'domum
578 3289 746 3354 curamque
768 3287 937 3352 corporum
958 3265 1141 3333 nutriendo·

108 3403 188 3461 rum,
210 3377 344 3443 avertite
369 3377 538 3466 minusque
555 3397 624 3441 eam
640 3375 820 3442 damnosam
843 3378 953 3460 fuisse,
976 3382 1071 3464 quarn
1093 3403 1144 3446 se-

109 3489 186 3582 ditio
210 3492 318 3554 lutura
341 3487 447 3570 tuerit,
468 3487 612 3553 credunt.
657 3487 819 3556 Defunctl
844 3487 969 3555 civitate
992 3491 1144 3578 plurimo-

110 3609 176 3666 rur'n
193 3599 321 3680 morbis,
345 3599 509 3685 perpaucis
523 3597 698 3679 funeribus,
713 3600 913 3684 pestilentem
930 3623 1057 3684 annum,
1074 3603 1143 3668 ino·

109 3711 158 3796 pia
172 3715 312 3798 frugum,
335 3714 480 3796 neglecto
502 3711 592 3774 cultu
613 3731 771 3796 agrorum,
797 3713 847 3794 (ut
868 3713 1054 3800 plerumque
1077 3711 1141 3806 nt)

110 3821 267 3908 excepit„
288 3821 361 3892 Jam
383 3825 481 3888 sanes
504 3823 599 3908 quiin
621 3821 801 3910 pestilentia
833 3824 953 3889 tristior
982 3815 1068 3906 crat3
1100 3827 1146 3901 nt,

112 3927 246 4031 ditllissis
259 3931 343 3998 circa
355 3951 464 3999 omnes
479 3933 615 4020 populos
635 3933 759 4019 legatis,
776 3934 832 4022 qui
854 3932 1026 4000 Etruscum
1052 3941 1147 4014 mare,

111 4033 226 4134 quique
260 4031 401 4114 Tiberim
435 4043 592 4125 accolunt,
624 4043 679 4112 ad'
699 4048 892 4114 frumentum
930 4043 1143 4128 mercandum,

613 4154 667 4217 Aa
1089 4159 1099 4172 ‘
