2852 4714
269 304 343 402 trs
621 283 962 410 reuisurum

278 475 366 566 ultra
381 495 480 554 matre
493 463 635 567 Luciliu,¹
643 484 750 572 stirpis
764 485 940 566 senatorio,
955 486 1058 552 sormt
1072 487 1243 568 excellens,
1256 507 1331 554 nors

279 599 329 676 ct,
344 599 408 682 qut
421 596 479 662 flos
500 595 738 662 commendatur
752 595 865 674 aetatis,
880 595 936 660 sed
950 618 991 662 ex
1004 595 1159 682 dignitate
1174 608 1333 664 consten-

279 703 316 788 ti,
331 727 402 794 quas
425 707 458 772 in
482 707 568 770 illam
583 705 773 770 conveniens
792 706 1047 792 amplitudinem,
1058 710 1221 774 fortunam
1241 732 1333 796 quo-

279 835 341 902 que
355 813 425 906 ejus
448 811 487 876 nd
510 813 658 884 ultimum
682 813 756 879 vitre
770 815 922 881 comitata
943 827 993 881 est
1016 817 1120 884 diem:
1145 819 1334 897 innocentia

279 925 425 1004 etunius,
440 923 608 990 sanctitate
629 923 824 1012 praecipuus,
840 925 1021 1010 eloquentia
1044 927 1188 1010 medins;
1209 931 1332 1016 polen-

280 1031 345 1116 t'ioe,
361 1057 433 1124 quie
456 1031 586 1100 honoris
611 1036 705 1098 causa
728 1033 767 1098 ad
789 1057 861 1100 eum
884 1033 1067 1118 deferretur,
1084 1060 1150 1103 non
1172 1049 1211 1104 ut
1225 1041 1264 1104 ab
1286 1059 1332 1102 eo

280 1152 499 1230 occuparetur,
526 1141 767 1228 cupidissimus3
797 1142 860 1208 dux
884 1125 971 1208 bello
994 1147 1224 1233 peritissimus3
1248 1147 1333 1214 civis

279 1251 314 1322 in
338 1258 414 1340 toga
433 1252 507 1342 (nisi
525 1251 577 1316 ubi
593 1262 762 1334 vereretur,
778 1247 936 1339 nequem
959 1253 1089 1320 haberet
1112 1259 1236 1343 parem)
1254 1280 1332 1322 mo·

277 1350 502 1444 destissimus}
521 1359 730 1427 amicitiarum
754 1371 860 1443 tenax,
875 1363 908 1428 in
934 1366 1062 1431 offensis
1087 1365 1268 1450 exorabilis,
1293 1367 1331 1433 in

280 1466 510 1544 reconcilianda
524 1471 625 1556 gratia
639 1469 851 1554 fidelissimus,
866 1471 898 1538 in
913 1471 1095 1560 accipienda
1110 1477 1329 1542 satisfactione

283 1586 472 1654 facillimus:
500 1572 643 1670 potentia
667 1587 726 1647 sut
749 1605 911 1670 nunquam
934 1595 989 1650 aut
1012 1573 1144 1652 mrt'ud
1167 1575 1330 1673 impoten-

283 1691 359 1765 tiam
380 1719 455 1764 usus
467 1720 478 1778 3
501 1697 581 1782 pene
606 1694 748 1759 omnium
772 1695 919 1760 vitiorum
946 1716 1070 1782 expers,
1095 1696 1156 1761 nisi
1180 1699 1331 1763 numera*-

281 1821 367 1898 ¹retur
381 1807 463 1873 inter
477 1807 624 1888 maxima,
639 1805 672 1870 in
696 1805 823 1871 civitate
847 1807 946 1872 libera
968 1798 1156 1893 dominaque
1170 1808 1329 1892 gentium,

281 1911 445 2008 indignari,
460 1921 534 1984 cim
550 1940 658 1984 omnes
674 1917 756 1982 cives
778 1913 851 2004 jure
866 1917 996 1981 haberet
1019 1935 1120 2002 pares,
1136 1933 1331 2004 quemquam

279 2105 467 2210 ¹commilitio
480 2136 720 2242 prudentissimi
743 2135 830 2200 ducis
855 2137 994 2220 parentis
1010 2135 1070 2248 sui,
1083 2133 1205 2200 bonum
1222 2145 1256 2202 et
1278 2135 1329 2201 ca'-

281 2271 344 2352 pax
368 2257 454 2316 recta
478 2247 659 2312 discendi
649 2245 811 2332 rngenium
839 2247 993 2333 singulari
1015 2239 1119 2314 rerum
1143 2241 1330 2312 militarium

283 2359 452 2454 prudentia
465 2341 626 2441 excoluit,
650 2366 687 2424 ut
701 2361 720 2422 d
736 2357 878 2424 Sertorio
894 2359 1049 2481 Metellus
1070 2357 1249 2468 laudaretur
1261 2351 1331 2422 nra-

284 2466 346 2559 gis,
360 2469 530 2594 Pompeius
547 2473 709 2538 timeretur
725 2469 867 2594 validius.

663 2729 702 2804 Q.
728 2677 1016 2810 caraune„¹
1079 2793 1081 2796 ,
1203 2711 1212 2772 5
1262 2681 1279 2703 ”

326 2887 435 2976 Digna
454 2899 506 2960 cst
529 2890 681 2956 memoria
696 2889 737 2958 Q.
754 2889 859 2953 Catuli
874 2890 946 2958 cum
962 2887 1133 2952 auctoritas
1149 2898 1216 2954 tum
1237 2907 1332 2952 vere-

285 2997 423 3068 cundiae
438 3002 493 3088 qui
516 3003 590 3068 edm
617 2999 800 3066 dissuadens
827 3001 930 3084 legem
958 2999 990 3064 in
1013 2998 1164 3064 concione
1184 2996 1334 3080 dixisset,

285 3114 366 3184 Esse
377 3112 495 3198 nauem
516 3110 701 3196 medorum
718 3109 773 3176 Cu.
792 3110 989 3190 Pompeium,
996 3110 1050 3174 sed
1067 3109 1191 3175 niarium
1202 3105 1279 3191 jum
1296 3109 1336 3172 li·

201 3212 204 3217 ’
281 3222 361 3296 bare
375 3222 556 3320 reipublicae,
570 3241 664 3304 sieque
678 3221 778 3287 ornnia
801 3220 833 3284 in
847 3242 907 3286 arno
933 3221 1126 3304 reponenda.-
1148 3215 1337 3308 adjecisset-

276 3316 360 3418 Ιιιιιε,
378 3331 425 3396 st
434 3334 507 3416 quid
521 3331 587 3396 lenio
610 3310 775 3410 occiderit,
778 3317 866 3414 quern
879 3331 911 3392 iu
914 3327 994 3414 dus
1008 3321 1106 3392 locum
1119 3320 1339 3392 substituetis?

284 3437 490 3528 subclamavit
517 3442 659 3508 universa
676 3441 806 3520 concio,
839 3441 894 3520 Te,
922 3441 961 3512 Q.
985 3431 1102 3507 Catule.
1133 3423 1232 3504 Tum
1259 3435 1338 3524 ille,

283 3550 385 3616 rictus
401 3571 558 3654 consensu
570 3549 723 3631 omnium,
744 3559 778 3614 et
802 3559 873 3616 tam
893 3545 1068 3616 honorifico
1083 3549 1217 3616 civitatis
1237 3551 1339 3616 testi-

273 3659 406 3752 [monim
430 3663 449 3726 e
474 3645 625 3726 concione
647 3659 803 3726 discessit.
847 3659 916 3728 Hie
939 3659 1077 3724 hominis
1100 3657 1340 3772 verecundiam,

269 3769 420 3862 'populi
407 3767 576 3860 justitiam,
600 3771 704 3837 mirari
695 3768 817 3836 libet:
840 3769 948 3858 hujus,
964 3771 1048 3858 quod
1070 3763 1135 3838 non
1149 3773 1232 3840 ultra
1251 3781 1338 3838 con-

284 3878 407 3984 t'cndit;
429 3879 540 3965 plebis,
561 3881 652 3966 quod
675 3882 905 3948 dissuadentem
929 3893 962 3948 et
985 3883 1194 3988 aduersarium
1214 3882 1338 3950 volun-

288 3993 361 4110 tatis
376 4001 451 4056 suae
456 3994 529 4098 uero
545 3989 725 4058 testimonio
740 3991 881 4094 fraudare
895 3991 1008 4060 noluit.
