<?xml version="1.0" encoding="UTF-8"?>
<!DOCTYPE html PUBLIC "-//W3C//DTD XHTML 1.0 Transitional//EN"
    "http://www.w3.org/TR/xhtml1/DTD/xhtml1-transitional.dtd">
<html xmlns="http://www.w3.org/1999/xhtml" xml:lang="en" lang="en">
 <head>
  <title>
</title>
<meta http-equiv="Content-Type" content="text/html;charset=utf-8" />
  <meta name='ocr-system' content='tesseract 3.04.00' />
  <meta name='ocr-capabilities' content='ocr_page ocr_carea ocr_par ocr_line ocrx_word'/>
</head>
<body>
  <div class='ocr_page' id='page_1' title='image "./scriptoresroman00unkngoog_0297.png"; bbox 0 0 2852 4714; ppageno 0'>
   <div class='ocr_carea' id='block_1_1' title="bbox 483 335 1148 410">
    <p class='ocr_par' dir='ltr' id='par_1_1' title="bbox 483 335 1148 410">
     <span class='ocr_line' id='line_1_1' title="bbox 483 335 1148 410; baseline -0.008 -6"><span class='ocrx_word' id='word_1_1' title='bbox 483 335 767 404; x_wconf 65' lang='lat' dir='ltr'><strong>brunantun.</strong></span> <span class='ocrx_word' id='word_1_2' title='bbox 784 347 788 402; x_wconf 89' lang='lat'><strong>&#39;.</strong></span> <span class='ocrx_word' id='word_1_3' title='bbox 1083 340 1148 410; x_wconf 60' lang='lat' dir='ltr'><strong>m</strong></span> 
     </span>
    </p>
   </div>
   <div class='ocr_carea' id='block_1_2' title="bbox 101 509 1149 821">
    <p class='ocr_par' dir='ltr' id='par_1_2' title="bbox 101 509 1149 821">
     <span class='ocr_line' id='line_1_2' title="bbox 103 509 1148 600; baseline 0 -22"><span class='ocrx_word' id='word_1_4' title='bbox 103 535 152 578; x_wconf 88' lang='lat' dir='ltr'><strong>eu</strong></span> <span class='ocrx_word' id='word_1_5' title='bbox 169 509 404 597; x_wconf 61' lang='lat' dir='ltr'><strong>speciosissimi</strong></span> <span class='ocrx_word' id='word_1_6' title='bbox 418 509 516 574; x_wconf 82' lang='lat' dir='ltr'><strong>classe</strong></span> <span class='ocrx_word' id='word_1_7' title='bbox 531 511 692 600; x_wconf 67' lang='lat' dir='ltr'><strong>febriente,</strong></span> <span class='ocrx_word' id='word_1_8' title='bbox 712 509 901 597; x_wconf 83' lang='lat' dir='ltr'><strong>quotidianis</strong></span> <span class='ocrx_word' id='word_1_9' title='bbox 921 509 1148 579; x_wconf 76' lang='lat' dir='ltr'><strong>exercitationi·</strong></span> 
     </span>
     <span class='ocr_line' id='line_1_3' title="bbox 101 621 1149 722; baseline -0.01 -33"><span class='ocrx_word' id='word_1_10' title='bbox 101 628 174 690; x_wconf 88' lang='lat' dir='ltr'><strong>bus</strong></span> <span class='ocrx_word' id='word_1_11' title='bbox 190 623 326 688; x_wconf 88' lang='lat' dir='ltr'><strong>militem</strong></span> <span class='ocrx_word' id='word_1_12' title='bbox 347 623 559 708; x_wconf 89' lang='lat' dir='ltr'><strong>remigemque</strong></span> <span class='ocrx_word' id='word_1_13' title='bbox 577 623 616 686; x_wconf 82' lang='lat' dir='ltr'><strong>ad</strong></span> <span class='ocrx_word' id='word_1_14' title='bbox 632 643 786 692; x_wconf 71' lang='lat' dir='ltr'><strong>summam</strong></span> <span class='ocrx_word' id='word_1_15' title='bbox 807 621 994 722; x_wconf 11' lang='lat' dir='ltr'><strong>etpmilitaris</strong></span> <span class='ocrx_word' id='word_1_16' title='bbox 1009 635 1042 692; x_wconf 87' lang='lat' dir='ltr'><strong>et</strong></span> <span class='ocrx_word' id='word_1_17' title='bbox 1056 624 1149 695; x_wconf 77' lang='lat' dir='ltr'><strong>mari.</strong></span> 
     </span>
     <span class='ocr_line' id='line_1_4' title="bbox 103 731 611 821; baseline 0.006 -23"><span class='ocrx_word' id='word_1_18' title='bbox 103 735 201 800; x_wconf 82' lang='lat' dir='ltr'><strong>times</strong></span> <span class='ocrx_word' id='word_1_19' title='bbox 216 735 261 802; x_wconf 88' lang='lat' dir='ltr'><strong>rei</strong></span> <span class='ocrx_word' id='word_1_20' title='bbox 275 733 424 821; x_wconf 81' lang='lat' dir='ltr'><strong>perduxit</strong></span> <span class='ocrx_word' id='word_1_21' title='bbox 439 731 611 801; x_wconf 85' lang='lat' dir='ltr'><strong>scientiam.</strong></span> 
     </span>
    </p>
   </div>
   <div class='ocr_carea' id='block_1_3' title="bbox 493 1041 768 1118">
    <p class='ocr_par' dir='ltr' id='par_1_3' title="bbox 493 1041 768 1118">
     <span class='ocr_line' id='line_1_5' title="bbox 493 1041 768 1118; baseline 0.011 -11"><span class='ocrx_word' id='word_1_22' title='bbox 493 1041 768 1118; x_wconf 75' lang='lat' dir='ltr'><strong><em>LEPIDUS.</em></strong></span> 
     </span>
    </p>
   </div>
   <div class='ocr_carea' id='block_1_4' title="bbox 65 1227 1225 3863">
    <p class='ocr_par' dir='ltr' id='par_1_4' title="bbox 65 1227 1225 3863">
     <span class='ocr_line' id='line_1_6' title="bbox 147 1227 1151 1316; baseline 0.002 -20"><span class='ocrx_word' id='word_1_23' title='bbox 147 1227 331 1307; x_wconf 79' lang='lat' dir='ltr'><strong>Acciverat,</strong></span> <span class='ocrx_word' id='word_1_24' title='bbox 354 1249 466 1312; x_wconf 84' lang='lat' dir='ltr'><strong>gerens</strong></span> <span class='ocrx_word' id='word_1_25' title='bbox 492 1239 603 1294; x_wconf 81' lang='lat' dir='ltr'><strong>contre</strong></span> <span class='ocrx_word' id='word_1_26' title='bbox 625 1231 814 1316; x_wconf 90' lang='lat' dir='ltr'><strong>Pompeium</strong></span> <span class='ocrx_word' id='word_1_27' title='bbox 835 1233 967 1312; x_wconf 87' lang='lat' dir='ltr'><strong>bellum,</strong></span> <span class='ocrx_word' id='word_1_28' title='bbox 989 1255 1028 1297; x_wconf 84' lang='lat' dir='ltr'><strong>ex</strong></span> <span class='ocrx_word' id='word_1_29' title='bbox 1042 1232 1151 1298; x_wconf 68' lang='lat' dir='ltr'><strong>Anici</strong></span> 
     </span>
     <span class='ocr_line' id='line_1_7' title="bbox 103 1338 1149 1427; baseline 0.004 -25"><span class='ocrx_word' id='word_1_30' title='bbox 103 1340 217 1402; x_wconf 81' lang='lat' dir='ltr'><strong>Caesar</strong></span> <span class='ocrx_word' id='word_1_31' title='bbox 246 1338 401 1424; x_wconf 83' lang='lat' dir='ltr'><strong>Lepidum</strong></span> <span class='ocrx_word' id='word_1_32' title='bbox 428 1363 502 1404; x_wconf 88' lang='lat' dir='ltr'><strong>eum</strong></span> <span class='ocrx_word' id='word_1_33' title='bbox 534 1359 584 1404; x_wconf 85' lang='lat' dir='ltr'><strong>x11</strong></span> <span class='ocrx_word' id='word_1_34' title='bbox 612 1341 795 1426; x_wconf 84' lang='lat' dir='ltr'>semiplenis</span> <span class='ocrx_word' id='word_1_35' title='bbox 824 1342 1012 1427; x_wconf 83' lang='lat' dir='ltr'><strong>legionibus.</strong></span> <span class='ocrx_word' id='word_1_36' title='bbox 1072 1343 1149 1424; x_wconf 88' lang='lat' dir='ltr'><strong>Hio,</strong></span> 
     </span>
     <span class='ocr_line' id='line_1_8' title="bbox 65 1436 1151 1539; baseline 0.004 -27"><span class='ocrx_word' id='word_1_37' title='bbox 65 1436 69 1444; x_wconf 59' lang='grc'><em>’</em></span> <span class='ocrx_word' id='word_1_38' title='bbox 102 1449 154 1513; x_wconf 89' lang='lat' dir='ltr'><strong>vir</strong></span> <span class='ocrx_word' id='word_1_39' title='bbox 182 1448 324 1514; x_wconf 91' lang='lat' dir='ltr'><strong>omnium</strong></span> <span class='ocrx_word' id='word_1_40' title='bbox 350 1451 549 1533; x_wconf 79' lang='lat' dir='ltr'><strong>vanissimus,</strong></span> <span class='ocrx_word' id='word_1_41' title='bbox 575 1475 677 1539; x_wconf 90' lang='lat' dir='ltr'><strong>neque</strong></span> <span class='ocrx_word' id='word_1_42' title='bbox 702 1455 770 1518; x_wconf 79' lang='lat' dir='ltr'><strong>ullb</strong></span> <span class='ocrx_word' id='word_1_43' title='bbox 794 1455 912 1518; x_wconf 83' lang='lat' dir='ltr'><strong>virtute</strong></span> <span class='ocrx_word' id='word_1_44' title='bbox 936 1463 999 1517; x_wconf 81' lang='lat' dir='ltr'><strong>tam</strong></span> <span class='ocrx_word' id='word_1_45' title='bbox 1024 1455 1151 1537; x_wconf 82' lang='lat' dir='ltr'><strong>longam</strong></span> 
     </span>
     <span class='ocr_line' id='line_1_9' title="bbox 104 1559 1153 1650; baseline 0.005 -29"><span class='ocrx_word' id='word_1_46' title='bbox 104 1561 251 1624; x_wconf 76' lang='lat' dir='ltr'><strong>fortune</strong></span> <span class='ocrx_word' id='word_1_47' title='bbox 276 1559 501 1644; x_wconf 81' lang='lat' dir='ltr'><strong>indulgentiam</strong></span> <span class='ocrx_word' id='word_1_48' title='bbox 526 1564 668 1645; x_wconf 88' lang='lat' dir='ltr'><strong>meritus,</strong></span> <span class='ocrx_word' id='word_1_49' title='bbox 698 1565 870 1630; x_wconf 84' lang='lat' dir='ltr'><strong>exereitum</strong></span> <span class='ocrx_word' id='word_1_50' title='bbox 896 1564 1050 1650; x_wconf 89' lang='lat' dir='ltr'><strong>Pompeii,</strong></span> <span class='ocrx_word' id='word_1_51' title='bbox 1079 1563 1153 1649; x_wconf 79' lang='lat' dir='ltr'><strong>quia</strong></span> 
     </span>
     <span class='ocr_line' id='line_1_10' title="bbox 103 1670 1151 1759; baseline 0.004 -25"><span class='ocrx_word' id='word_1_52' title='bbox 103 1670 239 1754; x_wconf 81' lang='lat' dir='ltr'><strong>propior</strong></span> <span class='ocrx_word' id='word_1_53' title='bbox 260 1670 373 1750; x_wconf 84' lang='lat' dir='ltr'><strong>fuerat,</strong></span> <span class='ocrx_word' id='word_1_54' title='bbox 395 1681 578 1757; x_wconf 82' lang='lat' dir='ltr'><strong>sequentem</strong></span> <span class='ocrx_word' id='word_1_55' title='bbox 600 1695 664 1738; x_wconf 89' lang='lat' dir='ltr'><strong>non</strong></span> <span class='ocrx_word' id='word_1_56' title='bbox 684 1673 792 1759; x_wconf 89' lang='lat' dir='ltr'><strong>ipsius,</strong></span> <span class='ocrx_word' id='word_1_57' title='bbox 814 1674 867 1738; x_wconf 83' lang='lat' dir='ltr'><strong>sed</strong></span> <span class='ocrx_word' id='word_1_58' title='bbox 887 1673 1020 1739; x_wconf 82' lang='lat' dir='ltr'><strong>Caesaris</strong></span> <span class='ocrx_word' id='word_1_59' title='bbox 1040 1681 1151 1738; x_wconf 83' lang='lat' dir='ltr'><strong>aueto-</strong></span> 
     </span>
     <span class='ocr_line' id='line_1_11' title="bbox 108 1781 1152 1870; baseline 0.002 -26"><span class='ocrx_word' id='word_1_60' title='bbox 108 1781 240 1848; x_wconf 77' lang='lat' dir='ltr'><strong>ritatem</strong></span> <span class='ocrx_word' id='word_1_61' title='bbox 267 1803 303 1846; x_wconf 79' lang='lat' dir='ltr'><strong>ue</strong></span> <span class='ocrx_word' id='word_1_62' title='bbox 325 1781 429 1862; x_wconf 89' lang='lat' dir='ltr'><strong>fidem,</strong></span> <span class='ocrx_word' id='word_1_63' title='bbox 454 1783 514 1847; x_wconf 88' lang='lat' dir='ltr'><strong>sibi</strong></span> <span class='ocrx_word' id='word_1_64' title='bbox 534 1782 704 1869; x_wconf 79' lang='lat' dir='ltr'><strong>junxeratr</strong></span> <span class='ocrx_word' id='word_1_65' title='bbox 735 1785 924 1870; x_wconf 78' lang='lat' dir='ltr'><strong>indutusque</strong></span> <span class='ocrx_word' id='word_1_66' title='bbox 945 1783 1082 1869; x_wconf 72' lang='lat' dir='ltr'><strong>emplius</strong></span> <span class='ocrx_word' id='word_1_67' title='bbox 1101 1791 1152 1846; x_wconf 81' lang='lat' dir='ltr'><strong>&#39;xx</strong></span> 
     </span>
     <span class='ocr_line' id='line_1_12' title="bbox 107 1891 1152 1982; baseline 0.004 -28"><span class='ocrx_word' id='word_1_68' title='bbox 107 1891 277 1976; x_wconf 88' lang='lat' dir='ltr'><strong>legionum</strong></span> <span class='ocrx_word' id='word_1_69' title='bbox 306 1915 449 1974; x_wconf 89' lang='lat' dir='ltr'><strong>numero,</strong></span> <span class='ocrx_word' id='word_1_70' title='bbox 475 1894 507 1958; x_wconf 90' lang='lat' dir='ltr'><strong>in</strong></span> <span class='ocrx_word' id='word_1_71' title='bbox 536 1895 569 1958; x_wconf 89' lang='lat' dir='ltr'><strong>id</strong></span> <span class='ocrx_word' id='word_1_72' title='bbox 593 1895 705 1959; x_wconf 86' lang='lat' dir='ltr'><strong>furoris</strong></span> <span class='ocrx_word' id='word_1_73' title='bbox 728 1905 933 1982; x_wconf 82' lang='lat' dir='ltr'><strong>processerat,</strong></span> <span class='ocrx_word' id='word_1_74' title='bbox 959 1906 1007 1974; x_wconf 93' lang='lat' dir='ltr'><strong>ut,</strong></span> <span class='ocrx_word' id='word_1_75' title='bbox 1033 1895 1152 1958; x_wconf 83' lang='lat' dir='ltr'><strong>inutilis</strong></span> 
     </span>
     <span class='ocr_line' id='line_1_13' title="bbox 105 2003 1152 2092; baseline -0.001 -26"><span class='ocrx_word' id='word_1_76' title='bbox 105 2004 221 2068; x_wconf 80' lang='lat' dir='ltr'><strong>alienae</strong></span> <span class='ocrx_word' id='word_1_77' title='bbox 234 2004 373 2070; x_wconf 70' lang='lat' dir='ltr'><strong>victorin</strong></span> <span class='ocrx_word' id='word_1_78' title='bbox 389 2027 507 2086; x_wconf 75' lang='lat' dir='ltr'><strong>eomes,</strong></span> <span class='ocrx_word' id='word_1_79' title='bbox 530 2026 625 2092; x_wconf 80' lang='lat' dir='ltr'><strong>quam</strong></span> <span class='ocrx_word' id='word_1_80' title='bbox 640 2006 693 2070; x_wconf 90' lang='lat' dir='ltr'><strong>diu</strong></span> <span class='ocrx_word' id='word_1_81' title='bbox 708 2013 848 2069; x_wconf 83' lang='lat' dir='ltr'><strong>moratus</strong></span> <span class='ocrx_word' id='word_1_82' title='bbox 869 2013 946 2084; x_wconf 85' lang='lat' dir='ltr'><strong>erat,</strong></span> <span class='ocrx_word' id='word_1_83' title='bbox 971 2003 1152 2066; x_wconf 88' lang='lat' dir='ltr'><strong>dissidendo</strong></span> 
     </span>
     <span class='ocr_line' id='line_1_14' title="bbox 105 2113 1150 2200; baseline 0.002 -24"><span class='ocrx_word' id='word_1_84' title='bbox 105 2113 139 2176; x_wconf 94' lang='lat' dir='ltr'><strong>in</strong></span> <span class='ocrx_word' id='word_1_85' title='bbox 155 2114 297 2178; x_wconf 86' lang='lat' dir='ltr'><strong>consiliis</strong></span> <span class='ocrx_word' id='word_1_86' title='bbox 312 2113 441 2195; x_wconf 72' lang='lat' dir='ltr'><strong>Caesari,</strong></span> <span class='ocrx_word' id='word_1_87' title='bbox 462 2125 494 2178; x_wconf 89' lang='lat' dir='ltr'><strong>et</strong></span> <span class='ocrx_word' id='word_1_88' title='bbox 509 2138 632 2200; x_wconf 87' lang='lat' dir='ltr'><strong>semper</strong></span> <span class='ocrx_word' id='word_1_89' title='bbox 652 2115 772 2180; x_wconf 83' lang='lat' dir='ltr'><strong>diversa</strong></span> <span class='ocrx_word' id='word_1_90' title='bbox 790 2115 850 2196; x_wconf 93' lang='lat' dir='ltr'><strong>his,</strong></span> <span class='ocrx_word' id='word_1_91' title='bbox 874 2137 946 2200; x_wconf 82' lang='lat' dir='ltr'><strong>quae</strong></span> <span class='ocrx_word' id='word_1_92' title='bbox 960 2115 1028 2179; x_wconf 80' lang='lat' dir='ltr'><strong>aliis</strong></span> <span class='ocrx_word' id='word_1_93' title='bbox 1043 2115 1150 2200; x_wconf 78' lang='lat' dir='ltr'><strong>place-</strong></span> 
     </span>
     <span class='ocr_line' id='line_1_15' title="bbox 103 2224 1152 2308; baseline -0.001 -20"><span class='ocrx_word' id='word_1_94' title='bbox 103 2226 194 2306; x_wconf 86' lang='lat' dir='ltr'><strong>bant,</strong></span> <span class='ocrx_word' id='word_1_95' title='bbox 220 2225 363 2308; x_wconf 86' lang='lat' dir='ltr'><strong>dicendo,</strong></span> <span class='ocrx_word' id='word_1_96' title='bbox 386 2235 486 2288; x_wconf 85' lang='lat' dir='ltr'><strong>totam</strong></span> <span class='ocrx_word' id='word_1_97' title='bbox 510 2226 672 2292; x_wconf 81' lang='lat' dir='ltr'><strong>victoriam</strong></span> <span class='ocrx_word' id='word_1_98' title='bbox 697 2235 736 2288; x_wconf 88' lang='lat' dir='ltr'><strong>ut</strong></span> <span class='ocrx_word' id='word_1_99' title='bbox 762 2245 849 2289; x_wconf 83' lang='lat' dir='ltr'><strong>suam</strong></span> <span class='ocrx_word' id='word_1_100' title='bbox 874 2224 1152 2308; x_wconf 77' lang='lat' dir='ltr'><strong>interpretaretur3</strong></span> 
     </span>
     <span class='ocr_line' id='line_1_16' title="bbox 103 2331 1149 2421; baseline 0 -23"><span class='ocrx_word' id='word_1_101' title='bbox 103 2334 303 2421; x_wconf 73' lang='lat' dir='ltr'><strong>sedebatque</strong></span> <span class='ocrx_word' id='word_1_102' title='bbox 326 2335 510 2399; x_wconf 83' lang='lat' dir='ltr'><strong>denuntiare</strong></span> <span class='ocrx_word' id='word_1_103' title='bbox 533 2334 660 2414; x_wconf 81' lang='lat' dir='ltr'><strong>Caesnri,</strong></span> <span class='ocrx_word' id='word_1_104' title='bbox 685 2335 839 2396; x_wconf 65' lang='lat' dir='ltr'><strong>secederet</strong></span> <span class='ocrx_word' id='word_1_105' title='bbox 860 2331 976 2397; x_wconf 68' lang='lat' dir='ltr'><strong>Sicilie.</strong></span> <span class='ocrx_word' id='word_1_106' title='bbox 1018 2335 1095 2398; x_wconf 92' lang='lat' dir='ltr'><strong>Non</strong></span> <span class='ocrx_word' id='word_1_107' title='bbox 1111 2333 1149 2397; x_wconf 80' lang='lat' dir='ltr'><strong>ab</strong></span> 
     </span>
     <span class='ocr_line' id='line_1_17' title="bbox 105 2439 1150 2530; baseline -0.002 -23"><span class='ocrx_word' id='word_1_108' title='bbox 105 2443 322 2530; x_wconf 80' lang='lat' dir='ltr'><strong>Scipionibus,</strong></span> <span class='ocrx_word' id='word_1_109' title='bbox 337 2443 468 2530; x_wconf 78' lang='lat' dir='ltr'><strong>aliisque</strong></span> <span class='ocrx_word' id='word_1_110' title='bbox 490 2441 646 2507; x_wconf 87' lang='lat' dir='ltr'><strong>veteribus</strong></span> <span class='ocrx_word' id='word_1_111' title='bbox 673 2442 886 2506; x_wconf 79' lang='lat' dir='ltr'><strong>Romanorum</strong></span> <span class='ocrx_word' id='word_1_112' title='bbox 909 2439 1035 2521; x_wconf 85' lang='lat' dir='ltr'><strong>dueum,</strong></span> <span class='ocrx_word' id='word_1_113' title='bbox 1059 2441 1150 2526; x_wconf 85' lang='lat' dir='ltr'><strong>quid·</strong></span> 
     </span>
     <span class='ocr_line' id='line_1_18' title="bbox 104 2551 1152 2642; baseline -0.002 -22"><span class='ocrx_word' id='word_1_114' title='bbox 104 2576 201 2642; x_wconf 81' lang='lat' dir='ltr'><strong>quem</strong></span> <span class='ocrx_word' id='word_1_115' title='bbox 228 2575 339 2620; x_wconf 81' lang='lat' dir='ltr'><strong>ausum</strong></span> <span class='ocrx_word' id='word_1_116' title='bbox 364 2563 584 2638; x_wconf 78' lang='lat' dir='ltr'><strong>patratumque</strong></span> <span class='ocrx_word' id='word_1_117' title='bbox 606 2551 731 2632; x_wconf 81' lang='lat' dir='ltr'><strong>fortius,</strong></span> <span class='ocrx_word' id='word_1_118' title='bbox 759 2554 852 2637; x_wconf 71' lang='lat' dir='ltr'><strong>quim</strong></span> <span class='ocrx_word' id='word_1_119' title='bbox 876 2561 953 2616; x_wconf 84' lang='lat' dir='ltr'><strong>tune</strong></span> <span class='ocrx_word' id='word_1_120' title='bbox 976 2554 995 2614; x_wconf 74' lang='lat' dir='ltr'><strong>d</strong></span> <span class='ocrx_word' id='word_1_121' title='bbox 1018 2551 1152 2618; x_wconf 81' lang='lat' dir='ltr'><strong>Caesare.</strong></span> 
     </span>
     <span class='ocr_line' id='line_1_19' title="bbox 104 2664 1153 2750; baseline -0.006 -16"><span class='ocrx_word' id='word_1_122' title='bbox 104 2664 237 2750; x_wconf 83' lang='lat' dir='ltr'><strong>Quippe</strong></span> <span class='ocrx_word' id='word_1_123' title='bbox 257 2667 329 2731; x_wconf 75' lang='lat' dir='ltr'><strong>edm</strong></span> <span class='ocrx_word' id='word_1_124' title='bbox 344 2665 471 2732; x_wconf 85' lang='lat' dir='ltr'><strong>inermis</strong></span> <span class='ocrx_word' id='word_1_125' title='bbox 486 2673 520 2727; x_wconf 87' lang='lat' dir='ltr'><strong>et</strong></span> <span class='ocrx_word' id='word_1_126' title='bbox 534 2666 709 2728; x_wconf 81' lang='lat' dir='ltr'><strong>lncematus</strong></span> <span class='ocrx_word' id='word_1_127' title='bbox 726 2674 819 2744; x_wconf 85' lang='lat' dir='ltr'><strong>esset,</strong></span> <span class='ocrx_word' id='word_1_128' title='bbox 834 2673 952 2748; x_wconf 82' lang='lat' dir='ltr'><strong>praeter</strong></span> <span class='ocrx_word' id='word_1_129' title='bbox 971 2671 1089 2728; x_wconf 88' lang='lat' dir='ltr'><strong>nomen</strong></span> <span class='ocrx_word' id='word_1_130' title='bbox 1104 2664 1153 2728; x_wconf 59' lang='lat' dir='ltr'><strong>ina</strong></span> 
     </span>
     <span class='ocr_line' id='line_1_20' title="bbox 104 2772 1153 2862; baseline 0 -22"><span class='ocrx_word' id='word_1_131' title='bbox 104 2776 149 2840; x_wconf 86' lang='lat' dir='ltr'><strong>hil</strong></span> <span class='ocrx_word' id='word_1_132' title='bbox 176 2774 315 2856; x_wconf 84' lang='lat' dir='ltr'><strong>trahens,</strong></span> <span class='ocrx_word' id='word_1_133' title='bbox 332 2775 489 2857; x_wconf 86' lang='lat' dir='ltr'><strong>ingressus</strong></span> <span class='ocrx_word' id='word_1_134' title='bbox 514 2782 617 2838; x_wconf 81' lang='lat' dir='ltr'><strong>eastra</strong></span> <span class='ocrx_word' id='word_1_135' title='bbox 643 2774 766 2858; x_wconf 87' lang='lat' dir='ltr'><strong>Lepidi,</strong></span> <span class='ocrx_word' id='word_1_136' title='bbox 796 2774 932 2855; x_wconf 78' lang='lat' dir='ltr'><strong>evitetis,</strong></span> <span class='ocrx_word' id='word_1_137' title='bbox 961 2795 1034 2860; x_wconf 79' lang='lat' dir='ltr'><strong>quae</strong></span> <span class='ocrx_word' id='word_1_138' title='bbox 1058 2772 1153 2862; x_wconf 87' lang='lat' dir='ltr'><strong>jussu</strong></span> 
     </span>
     <span class='ocr_line' id='line_1_21' title="bbox 104 2879 1154 2969; baseline 0.002 -23"><span class='ocrx_word' id='word_1_139' title='bbox 104 2882 243 2948; x_wconf 91' lang='lat' dir='ltr'><strong>hominis</strong></span> <span class='ocrx_word' id='word_1_140' title='bbox 267 2882 444 2967; x_wconf 76' lang='lat' dir='ltr'><strong>pravissimi</strong></span> <span class='ocrx_word' id='word_1_141' title='bbox 468 2884 531 2947; x_wconf 83' lang='lat' dir='ltr'><strong>tela</strong></span> <span class='ocrx_word' id='word_1_142' title='bbox 555 2882 588 2947; x_wconf 95' lang='lat' dir='ltr'><strong>in</strong></span> <span class='ocrx_word' id='word_1_143' title='bbox 604 2902 676 2946; x_wconf 83' lang='lat' dir='ltr'><strong>eum</strong></span> <span class='ocrx_word' id='word_1_144' title='bbox 697 2882 784 2969; x_wconf 79' lang='lat' dir='ltr'><strong>jueta</strong></span> <span class='ocrx_word' id='word_1_145' title='bbox 806 2893 905 2966; x_wconf 83' lang='lat' dir='ltr'><strong>erant,</strong></span> <span class='ocrx_word' id='word_1_146' title='bbox 931 2885 1007 2954; x_wconf 81' lang='lat' dir='ltr'><strong>ebm</strong></span> <span class='ocrx_word' id='word_1_147' title='bbox 1030 2879 1154 2950; x_wconf 82' lang='lat' dir='ltr'><strong>lacerna</strong></span> 
     </span>
     <span class='ocr_line' id='line_1_22' title="bbox 103 2992 1152 3080; baseline 0.002 -24"><span class='ocrx_word' id='word_1_148' title='bbox 103 2992 172 3078; x_wconf 85' lang='lat' dir='ltr'><strong>ejus</strong></span> <span class='ocrx_word' id='word_1_149' title='bbox 189 2994 345 3077; x_wconf 76' lang='lat' dir='ltr'><strong>perforata</strong></span> <span class='ocrx_word' id='word_1_150' title='bbox 366 3002 450 3056; x_wconf 85' lang='lat' dir='ltr'><strong>esset</strong></span> <span class='ocrx_word' id='word_1_151' title='bbox 475 2995 594 3074; x_wconf 80' lang='lat' dir='ltr'><strong>lanced,</strong></span> <span class='ocrx_word' id='word_1_152' title='bbox 609 2994 747 3079; x_wconf 82' lang='lat' dir='ltr'><strong>aquilam</strong></span> <span class='ocrx_word' id='word_1_153' title='bbox 769 2995 902 3078; x_wconf 84' lang='lat' dir='ltr'><strong>legionis</strong></span> <span class='ocrx_word' id='word_1_154' title='bbox 925 3017 1033 3080; x_wconf 82' lang='lat' dir='ltr'><strong>rupere</strong></span> <span class='ocrx_word' id='word_1_155' title='bbox 1057 3008 1152 3058; x_wconf 81' lang='lat' dir='ltr'><strong>ausus</strong></span> 
     </span>
     <span class='ocr_line' id='line_1_23' title="bbox 105 3103 1150 3188; baseline 0.001 -21"><span class='ocrx_word' id='word_1_156' title='bbox 105 3115 162 3169; x_wconf 88' lang='lat' dir='ltr'><strong>est.</strong></span> <span class='ocrx_word' id='word_1_157' title='bbox 210 3103 315 3168; x_wconf 85' lang='lat' dir='ltr'><strong>Scires</strong></span> <span class='ocrx_word' id='word_1_158' title='bbox 329 3104 403 3188; x_wconf 89' lang='lat' dir='ltr'><strong>quid</strong></span> <span class='ocrx_word' id='word_1_159' title='bbox 419 3104 584 3168; x_wconf 80' lang='lat' dir='ltr'><strong>interesset</strong></span> <span class='ocrx_word' id='word_1_160' title='bbox 607 3103 688 3168; x_wconf 85' lang='lat' dir='ltr'><strong>inter</strong></span> <span class='ocrx_word' id='word_1_161' title='bbox 710 3105 816 3170; x_wconf 83' lang='lat' dir='ltr'><strong>duces.</strong></span> <span class='ocrx_word' id='word_1_162' title='bbox 860 3106 983 3171; x_wconf 80' lang='lat' dir='ltr'><strong>Armati</strong></span> <span class='ocrx_word' id='word_1_163' title='bbox 998 3105 1150 3170; x_wconf 87' lang='lat' dir='ltr'><strong>inermem</strong></span> 
     </span>
     <span class='ocr_line' id='line_1_24' title="bbox 105 3213 1152 3299; baseline 0.001 -21"><span class='ocrx_word' id='word_1_164' title='bbox 105 3215 207 3279; x_wconf 87' lang='lat' dir='ltr'><strong>secuti</strong></span> <span class='ocrx_word' id='word_1_165' title='bbox 222 3225 316 3278; x_wconf 88' lang='lat' dir='ltr'><strong>sunt:</strong></span> <span class='ocrx_word' id='word_1_166' title='bbox 340 3213 522 3299; x_wconf 88' lang='lat' dir='ltr'><strong>decimoque</strong></span> <span class='ocrx_word' id='word_1_167' title='bbox 536 3235 629 3293; x_wconf 88' lang='lat' dir='ltr'><strong>auno,</strong></span> <span class='ocrx_word' id='word_1_168' title='bbox 644 3218 739 3299; x_wconf 65' lang='lat' dir='ltr'><strong>quim</strong></span> <span class='ocrx_word' id='word_1_169' title='bbox 755 3215 794 3278; x_wconf 84' lang='lat' dir='ltr'><strong>ad</strong></span> <span class='ocrx_word' id='word_1_170' title='bbox 813 3213 1053 3279; x_wconf 87' lang='lat' dir='ltr'><strong>dissimillimam</strong></span> <span class='ocrx_word' id='word_1_171' title='bbox 1077 3214 1152 3280; x_wconf 80' lang='lat' dir='ltr'><strong>vitae</strong></span> 
     </span>
     <span class='ocr_line' id='line_1_25' title="bbox 106 3322 1151 3411; baseline -0.002 -23"><span class='ocrx_word' id='word_1_172' title='bbox 106 3347 172 3390; x_wconf 79' lang='lat' dir='ltr'><strong>suae</strong></span> <span class='ocrx_word' id='word_1_173' title='bbox 188 3324 362 3411; x_wconf 83' lang='lat' dir='ltr'><strong>potentiam</strong></span> <span class='ocrx_word' id='word_1_174' title='bbox 377 3333 561 3409; x_wconf 81' lang='lat' dir='ltr'><strong>pervenerat</strong></span> <span class='ocrx_word' id='word_1_175' title='bbox 575 3323 729 3407; x_wconf 83' lang='lat' dir='ltr'><strong>Lepidus,</strong></span> <span class='ocrx_word' id='word_1_176' title='bbox 742 3333 775 3388; x_wconf 87' lang='lat' dir='ltr'><strong>et</strong></span> <span class='ocrx_word' id='word_1_177' title='bbox 789 3326 807 3386; x_wconf 76' lang='lat' dir='ltr'><strong>lt</strong></span> <span class='ocrx_word' id='word_1_178' title='bbox 821 3322 973 3386; x_wconf 88' lang='lat' dir='ltr'><strong>militibus</strong></span> <span class='ocrx_word' id='word_1_179' title='bbox 988 3331 1021 3386; x_wconf 87' lang='lat' dir='ltr'><strong>et</strong></span> <span class='ocrx_word' id='word_1_180' title='bbox 1032 3325 1063 3386; x_wconf 76' lang='lat' dir='ltr'><strong>-b</strong></span> <span class='ocrx_word' id='word_1_181' title='bbox 1086 3325 1151 3388; x_wconf 58' lang='lat' dir='ltr'><strong>lor«</strong></span> 
     </span>
     <span class='ocr_line' id='line_1_26' title="bbox 107 3432 1150 3524; baseline 0 -26"><span class='ocrx_word' id='word_1_182' title='bbox 107 3441 186 3501; x_wconf 78' lang='lat' dir='ltr'><strong>tund</strong></span> <span class='ocrx_word' id='word_1_183' title='bbox 215 3437 369 3514; x_wconf 88' lang='lat' dir='ltr'><strong>desertus,</strong></span> <span class='ocrx_word' id='word_1_184' title='bbox 395 3437 546 3520; x_wconf 90' lang='lat' dir='ltr'><strong>pulloque</strong></span> <span class='ocrx_word' id='word_1_185' title='bbox 575 3436 696 3498; x_wconf 81' lang='lat' dir='ltr'><strong>velatus</strong></span> <span class='ocrx_word' id='word_1_186' title='bbox 726 3432 873 3513; x_wconf 82' lang='lat' dir='ltr'><strong>amiculo,</strong></span> <span class='ocrx_word' id='word_1_187' title='bbox 899 3432 981 3497; x_wconf 90' lang='lat' dir='ltr'><strong>inter</strong></span> <span class='ocrx_word' id='word_1_188' title='bbox 1006 3433 1150 3524; x_wconf 79' lang='lat' dir='ltr'><strong>ultimam</strong></span> 
     </span>
     <span class='ocr_line' id='line_1_27' title="bbox 94 3536 1225 3630; baseline -0.002 -20"><span class='ocrx_word' id='word_1_189' title='bbox 94 3544 335 3621; x_wconf 48' lang='lat' dir='ltr'><strong>,confluentium</strong></span> <span class='ocrx_word' id='word_1_190' title='bbox 350 3545 388 3608; x_wconf 82' lang='lat' dir='ltr'><strong>ad</strong></span> <span class='ocrx_word' id='word_1_191' title='bbox 405 3547 557 3617; x_wconf 81' lang='lat' dir='ltr'><strong>Caesarem</strong></span> <span class='ocrx_word' id='word_1_192' title='bbox 574 3545 697 3608; x_wconf 80' lang='lat' dir='ltr'><strong>turbem</strong></span> <span class='ocrx_word' id='word_1_193' title='bbox 724 3545 836 3620; x_wconf 83' lang='lat' dir='ltr'><strong>latens,</strong></span> <span class='ocrx_word' id='word_1_194' title='bbox 850 3543 982 3627; x_wconf 83' lang='lat' dir='ltr'><strong>genibus</strong></span> <span class='ocrx_word' id='word_1_195' title='bbox 1005 3543 1075 3630; x_wconf 88' lang='lat' dir='ltr'><strong>ejus</strong></span> <span class='ocrx_word' id='word_1_196' title='bbox 1097 3543 1152 3608; x_wconf 65' lang='lat' dir='ltr'><strong>ed«</strong></span> <span class='ocrx_word' id='word_1_197' title='bbox 1171 3536 1179 3562; x_wconf 75' lang='lat'>⁸</span> <span class='ocrx_word' id='word_1_198' title='bbox 1217 3603 1225 3616; x_wconf 79' lang='grc'>,</span> 
     </span>
     <span class='ocr_line' id='line_1_28' title="bbox 108 3653 1154 3739; baseline 0 -23"><span class='ocrx_word' id='word_1_199' title='bbox 108 3659 238 3720; x_wconf 90' lang='lat' dir='ltr'><strong>volutus</strong></span> <span class='ocrx_word' id='word_1_200' title='bbox 265 3662 323 3720; x_wconf 88' lang='lat' dir='ltr'><strong>est.</strong></span> <span class='ocrx_word' id='word_1_201' title='bbox 367 3653 443 3718; x_wconf 78' lang='lat' dir='ltr'><strong>Vite</strong></span> <span class='ocrx_word' id='word_1_202' title='bbox 464 3674 631 3739; x_wconf 83' lang='lat' dir='ltr'><strong>rerumque</strong></span> <span class='ocrx_word' id='word_1_203' title='bbox 655 3667 780 3718; x_wconf 84' lang='lat' dir='ltr'><strong>suarum</strong></span> <span class='ocrx_word' id='word_1_204' title='bbox 804 3653 978 3718; x_wconf 91' lang='lat' dir='ltr'><strong>dominium</strong></span> <span class='ocrx_word' id='word_1_205' title='bbox 1003 3674 1154 3730; x_wconf 67' lang='lat' dir='ltr'><strong>concesso</strong></span> 
     </span>
     <span class='ocr_line' id='line_1_29' title="bbox 108 3764 1007 3863; baseline 0.002 -35"><span class='ocrx_word' id='word_1_206' title='bbox 108 3765 136 3841; x_wconf 78' lang='lat' dir='ltr'><strong>ei</strong></span> <span class='ocrx_word' id='word_1_207' title='bbox 150 3774 245 3841; x_wconf 74' lang='lat' dir='ltr'><strong>suntz¹</strong></span> <span class='ocrx_word' id='word_1_208' title='bbox 270 3765 412 3863; x_wconf 79' lang='lat' dir='ltr'><strong>spoliata,</strong></span> <span class='ocrx_word' id='word_1_209' title='bbox 428 3787 521 3852; x_wconf 83' lang='lat' dir='ltr'><strong>quam</strong></span> <span class='ocrx_word' id='word_1_210' title='bbox 538 3764 619 3833; x_wconf 86' lang='lat' dir='ltr'><strong>tueri</strong></span> <span class='ocrx_word' id='word_1_211' title='bbox 633 3787 696 3832; x_wconf 91' lang='lat' dir='ltr'><strong>non</strong></span> <span class='ocrx_word' id='word_1_212' title='bbox 711 3773 847 3860; x_wconf 86' lang='lat' dir='ltr'><strong>poterat,</strong></span> <span class='ocrx_word' id='word_1_213' title='bbox 862 3764 1007 3848; x_wconf 71' lang='lat' dir='ltr'><strong>dignitas,</strong></span> 
     </span>
    </p>
   </div>
   <div class='ocr_carea' id='block_1_5' title="bbox 0 0 1431 4714">
    <p class='ocr_par' dir='ltr' id='par_1_5' title="bbox 0 0 1431 4714">
     <span class='ocr_line' id='line_1_30' title="bbox 0 0 1431 4714; baseline 0 0"><span class='ocrx_word' id='word_1_214' title='bbox 0 0 1431 4714; x_wconf 95' lang='lat' dir='ltr'><strong> </strong></span> 
     </span>
    </p>
   </div>
  </div>
 </body>
</html>
