2852 4714
279 315 344 398 m
621 309 964 380 muvnmmo

200 489 206 498 '
280 488 366 568 lavit,
388 509 448 554 nec
474 485 560 574 quod
588 495 655 554 erat
682 485 716 550 in
743 485 889 550 manibus
917 483 1047 566 omisit3
1069 483 1334 572 existimaritqne

276 604 348 666 mre
372 599 578 684 frangendum
599 597 736 678 hostem,
759 598 855 682 quim
875 593 1091 660 idciscendum
1121 595 1221 660 civem
1233 619 1243 676 ς
1268 615 1326 660 re·

279 711 435 798 pulsoque
456 717 586 774 externo
607 709 709 786 metu,'
733 705 789 770 ubi
809 703 896 790 qnod
918 701 1057 768 allenum
1078 713 1165 769 esset
1186 703 1334 786 vicimt,

216 889 219 897 ,
279 830 440 910 superaret
453 819 538 906 qnod
551 826 618 884 erat
632 815 851 884 domesticum.
874 815 960 881 Ante
974 814 1143 880 adventani
1155 817 1330 897 nanum,

280 931 391 1011 Cinna,
406 929 557 996 seditione
570 931 651 1007 orte,
666 929 705 992 ab
718 925 860 992 exercitu
872 925 1082 1012 interemptus
1096 935 1166 990 est:
1190 928 1238 992 vit
1252 927 1331 1014 dig-

279 1042 361 1122 nior,
392 1039 447 1128 qui
479 1035 607 1104 arbitrio
640 1036 796 1102 sictonam
829 1044 1015 1118 moreretur,
1037 1039 1133 1122 quam
1166 1035 1332 1103 iracundia

277 1153 434 1234 militum
456 1151 582 1237 dequo
603 1153 674 1212 vere
697 1144 758 1210 dici
771 1154 888 1232 potest,
901 1166 1012 1210 ausum
1034 1167 1108 1210 eum
1130 1168 1203 1238 qnae
1225 1169 1326 1214 nemo

279 1263 544 1344 auderetbonus3
568 1257 736 1346 perfecisse
750 1277 821 1342 quae
836 1257 855 1318 a
874 1254 963 1319 nullo
986 1254 1050 1325 nisi
1063 1254 1238 1325 fortismmo
1251 1279 1330 1348 per.

280 1373 333 1442 fici
346 1383 499 1460 possent3
522 1379 554 1436 et
567 1370 663 1436 luisse
677 1389 751 1434 eum
771 1365 803 1432 in
826 1364 1035 1432 consultando
1058 1366 1269 1450 temerarlum,
1293 1369 1328 1435 in
1409 1427 1410 1438 ,

282 1483 483 1572 exsequendo
498 1461 611 1547 virum.
1266 1475 1269 1480 ’

325 1694 454 1760 Putares
470 1693 592 1756 Sullam
608 1691 729 1756 venisse
756 1691 789 1756 in
815 1689 951 1774 Italiam,
965 1715 1030 1758 non
1052 1692 1131 1761 belli
1154 1693 1323 1776 vindicem,
1410 1765 1411 1768 ,

283 1806 336 1872 sed
352 1805 437 1889 pacis
452 1813 632 1868 auctorem:
653 1807 742 1866 tanta
757 1824 830 1868 cum
855 1803 962 1889 quiete
984 1802 1159 1870 exercitum
1184 1824 1252 1898 per¹
1266 1805 1327 1870 Ca-
1410 1779 1411 1820 ³

281 1914 410 1980 labriam
425 1914 645 2000 Apuliamque,
661 1935 734 1978 cnm
751 1913 904 1999 singulari
925 1919 1000 1980 cura
1014 1917 1153 2001 frugum,
1167 1909 1326 2004 agrorum,

283 2025 457 2106 bominum,
486 2023 623 2107 urbium,
643 2023 789 2109 perduxit
822 2025 854 2090 in
887 2023 1111 2112 Campaniam3
1135 2027 1329 2116 tentavitque

280 2133 377 2222 justis
399 2133 521 2218 legibus
542 2142 576 2198 et
596 2134 695 2220 aequis
717 2133 950 2200 conditionibus
971 2138 1090 2203 bellum
1113 2159 1324 2226 componere:
1411 2139 1412 2150 ’

285 2241 341 2308 sed
368 2241 418 2323 iis,
446 2241 559 2328 quibus
574 2252 608 2308 et
625 2243 762 2330 pessima
775 2254 808 2311 et
821 2244 989 2312 immodica
1002 2249 1155 2336 cupiditas
1170 2261 1248 2331 erat,
1263 2239 1327 2315 non

283 2363 409 2442 poterat
430 2375 491 2442 pax
513 2358 647 2442 placere.
691 2355 860 2422 Crescebat
874 2357 998 2458 iuterim
1024 2359 1122 2426 indies
1147 2363 1248 2428 Sulla
1272 2383 1325 2426 cx·

282 2468 410 2549 arcitus,
425 2467 654 2532 confluentibus
668 2469 708 2532 ad
722 2491 796 2534 eum
812 2470 933 2554 optimo
949 2492 1076 2562 quoque
1090 2481 1124 2537 et
1148 2472 1326 2565 sanissimo.
1412 2513 1413 2532 r

285 2581 383 2650 Felici
398 2580 509 2646 deinde
524 2581 605 2644 circa
620 2580 763 2664 Capuam
779 2592 894 2646 eventu
920 2581 1103 2668 Scipionem
1125 2585 1334 2674 Norbanum·¹
1412 2565 1413 2608 l

285 2713 348 2778 que
377 2691 531 2756 Consules
562 2699 708 2776 superat:
734 2712 870 2777 quorum
899 2691 1082 2774 Norbanus,
1111 2673 1177 2758 acie
1205 2695 1306 2760 victus
1318 2718 1329 2775 ;

287 2800 406 2886 Scipio,
421 2803 460 2866 ab
485 2801 631 2866 exercitu
649 2823 709 2866 suo
732 2801 874 2868 desertus
900 2825 936 2866 ac
958 2789 1113 2888 proditum
1130 2803 1330 2870 inviolatusi

284 2913 374 2982 Sulla
389 2911 534 2978 dimissus
549 2922 608 2978 est.
632 2912 720 2978 adea
734 2913 820 2988 enim
835 2913 926 2979 Sulla
939 2913 1099 2980 dissimilis
1113 2915 1177 2982 fuit
1191 2917 1328 2980 bellator

284 3047 322 3090 ac
337 3025 449 3106 victor,
463 3035 510 3104 ut,
525 3025 601 3090 dum
614 3025 724 3105 vincit,
737 3025 917 3111 justissimo
942 3025 1054 3106 lenior,
1068 3035 1142 3110 post
1165 3025 1330 3094 victoriam

283 3138 392 3203 audito
405 3137 502 3202 fuerit
515 3135 681 3202 crudelior.
725 3137 809 3201 Nam
825 3145 857 3202 et
877 3139 1054 3218 consulem,
1070 3125 1329 3226 exarmatamque

288 3249 476 3332 Sertorium,
495 3248 588 3335 (proh
602 3248 712 3334 quanti
725 3267 800 3313 mox
812 3247 888 3312 belli
901 3250 1001 3315 mecm
1013 3249 1039 3329 l)
1055 3259 1088 3313 et
1102 3251 1223 3316 multos
1242 3234 1332 3326 alica

286 3359 407 3444 potitus
437 3381 556 3440 eorum,
584 3358 711 3424 demisit
738 3358 935 3425 incolumes:
965 3357 1069 3438 credo,
1096 3354 1190 3422 utin
1218 3357 1331 3424 eedem

287 3470 414 3534 homine
440 3471 574 3557 duplicis
600 3491 637 3535 ac
663 3468 864 3536 diversissimi
888 3469 985 3536 auuni
1009 3468 1260 3554 conspiceretur.
1274 3489 1331 3534 erc·

284 3583 435 3668 emplum.
478 3610 482 3620 ⁸
