2932 4700
516 293 519 300 ’
541 301 780 372 GlCERONE.
981 357 985 364 .
1138 303 1181 368 bb

134 469 259 544 virtute
272 478 439 564 cupimuss
466 475 524 540 tibi
544 486 690 562 optumus
709 497 779 540 eam
801 474 1038 562 rempublicam,
1059 474 1093 542 iu
1117 477 1181 564 qut

135 590 265 653 duorum
286 607 440 674 generum
463 587 728 674 amplissimorum
753 607 901 654 renovare
915 586 1109 670 memoriam,
1130 593 1180 652 et·

138 723 197 785 que
217 721 331 784 augere
353 687 467 788 possis.
511 699 620 764 Tuum
643 699 727 764 enim
752 699 868 778 iorum,
891 705 983 763 tuum
1007 707 1074 762 erat
1100 694 1180 779 illnd

138 811 351 892 curriculum
376 820 414 876 tu
428 811 506 874 illuc
519 831 646 875 veneras
671 833 765 890 unus,
787 807 841 896 qui
864 831 929 874 non
953 808 1093 892 linguam
1101 827 1180 870 mo·

138 921 175 984 db
189 921 327 986 acuisses
342 911 567 987 exercitatione
582 921 716 1002 dicendi,
726 920 786 986 sed
801 929 833 986 et
849 920 947 1006 ipsam
969 918 1183 1006 eloquentiam

139 1030 395 1116 locupletavisses
423 1032 599 1116 graviorum
626 1031 740 1109 artium
767 1031 989 1112 instrumento,
1015 1039 1049 1096 et
1074 1028 1184 1102 iisdem

139 1141 257 1219 artibus
273 1139 368 1204 decus
384 1143 477 1206 omne
491 1140 618 1206 virtutis
642 1163 716 1206 cum
738 1145 862 1204 summi
881 1137 1072 1228 eloquentie
1094 1139 1186 1208 laude

138 1243 308 1338 junxisses.
341 1249 393 1316 Ex
405 1261 436 1315 te
451 1251 568 1338 duplex
583 1273 639 1316 nos
651 1253 746 1317 efficit
759 1251 961 1332 sollicitud03
978 1250 1063 1340 quod
1074 1260 1107 1316 et
1119 1252 1188 1337 ipse

142 1363 304 1451 republica
318 1373 483 1462 careas,·et
497 1363 553 1440 illu¹
565 1375 609 1427 te.
651 1363 704 1428 Tu
728 1374 834 1452 temen
860 1365 934 1446 (etsi
954 1385 1082 1428 cursum
1097 1364 1187 1456 inge-

142 1473 185 1538 nii
199 1473 258 1552 tui,
274 1472 385 1553 Brute,
407 1473 524 1558 premit
539 1474 607 1558 hrec
623 1473 803 1558 importuno
820 1472 924 1538 clades
946 1473 1093 1554 civitatis)
1110 1497 1187 1540 eon-

145 1583 206 1648 tine
223 1594 255 1648 te
269 1583 302 1648 in
325 1583 387 1647 tuis
408 1584 599 1668 perennibus
625 1583 751 1664 studiis,
774 1593 807 1648 ct
830 1585 918 1648 effice
945 1583 988 1663 id,
1014 1581 1100 1674 quod
1121 1578 1188 1668 jem

144 1694 384 1780 propemodum,
409 1695 458 1756 vel
481 1697 575 1780 plene
597 1695 705 1780 potiiis
727 1695 885 1773 effeceras,
909 1702 945 1756 ut
968 1702 1000 1755 te
1019 1691 1134 1776 eripias
1149 1713 1190 1758 ex

146 1809 193 1884 et,
211 1824 307 1890 quom
322 1823 383 1888 ego
398 1803 542 1887 congessi
558 1805 590 1868 in
603 1805 687 1868 hunc
709 1825 899 1884 sermonem,
925 1805 1018 1870 turbt
1037 1813 1189 1890 patrono·

146 1936 224 1984 rum.
283 1913 355 1978 Nec
383 1913 469 1978 enirn
497 1912 588 1978 decet
617 1923 661 1993 te,
691 1922 838 1980 ornatum
864 1911 1029 1978 uberrimis
1058 1914 1190 1996 ortibus,

148 2029 251 2116 (ques,
274 2027 349 2090 cim
368 2023 464 2106 domo
486 2025 609 2090 haurire
629 2046 693 2090 non
714 2045 837 2110 posses,
857 2021 1046 2090 arcessivisti
1060 2045 1100 2088 ex
1113 2026 1191 2094 urbe

147 2142 193 2217 es,
220 2157 293 2226 quae
318 2135 432 2210 domus
455 2146 505 2202 est
530 2155 654 2222 semper
676 2136 783 2204 habite
805 2133 968 2220 doctrinm)
991 2134 1146 2206 numerati
1160 2135 1197 2208 ἰδ’

150 2251 243 2342 culpo
256 2258 471 2341 petronorum.

523 2525 822 2569 ...amp-m...-

294 2773 445 2848 Pnomm
471 2733 555 2848 Lib.
576 2759 629 2844 ¹de
654 2769 845 2845 Perennem
871 2741 1058 2846 omrem.
1137 2823 1168 2888 ¹3

153 2965 210 3036 De
219 2987 346 3034 summm
359 2972 561 3058 obsoletoque
579 2967 779 3052 perfectionis
792 2964 903 3051 somnii
915 2977 946 3032 et
959 2967 1059 3050 specie
1070 2990 1085 3042 ,'
1110 2985 1202 3052 prom

175 3081 254 3144 elsi
275 3081 359 3178 nullo
383 3103 472 3148 sensu
494 3082 685 3182 percipimus,
703 3078 896 3166 cogitatione
921 3089 1022 3144 tomen
1046 3077 1205 3160 complecti

139 3227 154 3238 ··
195 3211 366 3274 potuemus

158 3301 355 3420 UTRUM
377 3344 546 3425 difficilius,
561 3331 617 3415 eut
631 3344 744 3432 majus,
760 3354 844 3410 esset
858 3333 972 3429 negare
995 3343 1063 3424 libi,
1086 3343 1202 3438 sepiis

159 3468 239 3532 idem
254 3465 390 3552 roganti,
404 3488 445 3532 en
456 3468 580 3532 efficere
594 3466 637 3548 id,
660 3465 747 3552 quod
761 3487 897 3550 rogares,
920 3463 976 3531 diu
990 3469 1204 3558 multumque,

140 3665 143 3672 Ι
158 3580 269 3660 Brute,
285 3576 434 3652 dubitavi.
476 3579 560 3644 Nom
576 3586 609 3644 et
624 3597 737 3662 negare
752 3576 791 3657 ei,
807 3597 902 3668 quem
916 3575 1012 3642 unice
1027 3575 1203 3662 diligerem,

162 3691 275 3778 cuique,
286 3709 340 3758 ute
354 3687 576 3774 cherissimum·
593 3709 661 3754 esse
686 3687 849 3769 sentirem,
870 3688 1046 3773 presertim
1066 3699 1100 3757 et
1119 3687 1208 3774 jusu
1254 3687 1255 3692 ’

162 3800 291 3884 petenti,
317 3810 352 3868 et
363 3800 524 3886 [praelum
548 3799 702 3885 cupienti,
724 3798 838 3864 durum
860 3797 1029 3874 udmodmn
1055 3795 1134 3865 mibi
1161 3793 1208 3861 vi-

162 3911 312 3979 debatur:
329 3918 363 3994 et
377 3908 537 3995 suscipere
552 3918 672 3978 mutum
691 3929 769 3990 rem,
791 3919 1024 3996 quentum'non
1045 3903 1148 3988 mode,
1162 3906 1209 3978 io·

164 4021 281 4106 eultete
296 4018 447 4107 consequi
463 4018 588 4090 difficile
601 4029 699 4100 esset,
723 4020 777 4088 sed
797 4019 891 4096 etiem
907 4014 1209 4104 conimbrensi-
