2932 4700
257 249 302 325 58
621 249 674 318 Ec
694 250 744 316 Μ.
765 249 932 316 ΤίΗὼΙΟ

257 422 372 507 podis,
395 423 434 488 ab
448 420 569 490 minora
582 422 687 488 stulia
698 423 838 490 ruerunt.
879 423 950 490 Nec
964 431 1081 502 tarnem
1094 422 1122 486 si
1144 422 1199 508 qui
1212 443 1308 524 rung.

259 532 308 596 nis
324 532 456 618 ingeniis
480 533 513 597 in
529 555 567 596 eo
581 529 695 618 genere
716 531 916 616 exstiterunt,
934 555 997 598 nou
1018 532 1096 600 satis
1116 533 1308 600 Graecorum

258 644 369 728 glariae
382 645 623 730 responderunt.

260 897 267 932 ,ι
304 860 356 924 An
371 877 547 938 censemus,
562 857 590 922 si
604 856 713 938 Fabio,
728 855 927 922 nobilissimo
941 854 1073 935 bomini,
1096 853 1180 920 laudi
1195 851 1308 920 detrun

261 979 356 1050 asset,
377 968 462 1054 quad
484 965 641 1053 pingeret,
664 989 729 1034 uon
744 967 862 1032 multos
877 965 972 1032 etiam
996 963 1079 1051 apud
1098 987 1157 1030 nos
1179 968 1308 1040 fututros

263 1077 443 1162 Polycletus
457 1087 491 1142 et
505 1075 685 1148 Parrhasios
700 1078 819 1158 fuisse?
848 1077 963 1142 Honos
984 1077 1042 1152 alit
1061 1085 1156 1158 artes,
1178 1065 1307 1141 omnes-

264 1209 328 1275 que
354 1189 564 1256 incenduntur
584 1189 624 1254 ad
647 1188 751 1254 studia
771 1187 891 1272 gloril3
917 1185 1088 1276 jacentque
1110 1208 1147 1252 ea
1173 1208 1309 1271 semper,

264 1321 345 1386 qum·
359 1301 444 1386 apud
468 1321 611 1387 quosque
640 1301 866 1386 improbantur.
910 1297 1073 1362 Summam
1099 1294 1311 1362 eruditionem

264 1409 372 1478 Grmci
395 1411 488 1476 sitam
514 1413 682 1476 censebant
703 1409 737 1476 in
758 1429 925 1480 nervorum
947 1428 1124 1494 vocumque
1150 1405 1309 1471 cautibus.

261 1521 364 1606 Igitur
386 1531 419 1588 et
441 1519 687 1606 Epaminondas,
713 1518 871 1603 princeps,
900 1537 972 1582 meo
996 1515 1128 1604 judicio,
1154 1515 1321 1596 Graecise,

260 1631 378 1700 ¹fidibus
393 1632 544 1714 preclara
558 1627 709 1694 cecinisse
723 1627 838 1692 dicitur
851 1652 859 1692 c
872 1627 1174 1714 ''lbemistoclesque
1187 1627 1314 1714 aliquot

231 1749 234 1760 '
264 1748 338 1810 aute
353 1741 455 1820 annis,
478 1741 551 1806 edm
567 1739 599 1804 in
614 1738 718 1825 epulis
732 1741 909 1804 recushssct
929 1741 1040 1824 lyram,
1054 1737 1179 1802 habitus
1193 1746 1244 1809 est
1258 1734 1314 1802 in·

263 1850 398 1916 doctior.
440 1850 529 1936 Ergo
544 1851 577 1916 in
597 1850 723 1915 Grecis
743 1850 857 1915 musici
879 1849 1064 1930 floruerunt,
1088 1843 1312 1937 discebantque

264 1961 297 2026 id
310 1973 420 2027 omnes
431 1987 441 2045 3
466 1983 535 2043 uec,
561 1961 615 2048 qui
636 1961 806 2042 nesciebat,
829 1959 905 2024 satis
926 1961 1071 2024 excultus
1092 1958 1235 2024 doctrina
1248 1980 1313 2044 pu·

259 2073 400 2138 tabatur.
444 2072 483 2137 ln
497 2093 622 2136 summo
636 2070 718 2156 apud
733 2069 807 2136 illos
820 2070 940 2134 honore
955 2068 1128 2154 geometria
1142 2065 1225 2150 fuit3
1248 2068 1312 2133 ita-

260 2201 323 2270 que
336 2183 416 2248 nihil
430 2183 657 2250 mathematicis
672 2179 838 2248 illustrius.
882 2182 927 2244 At
945 2201 1015 2260 nos,
1039 2176 1190 2243 metiendi
1205 2177 1306 2242 ratio-

262 2291 450 2381 cinandique
463 2293 613 2376 utilitate,
625 2290 722 2380 hujus
737 2291 812 2358 artis
828 2289 1062 2356 terminavimus
1078 2289 1219 2356 modum.
1277 2315 1280 2322 ·

308 2501 356 2568 At
376 2504 487 2566 conus
501 2511 657 2566 oratorem
672 2502 816 2566 celeriter
830 2503 989 2587 complexi
1008 2525 1138 2568 sumusr
1162 2525 1222 2568 nec
1237 2523 1313 2570 eum

267 2609 372 2696 primo
387 2607 557 2687 eruditum,
575 2618 686 2692 aptum
708 2620 814 2673 tamen
838 2610 878 2674 ad
896 2611 1062 2676 dicendum
1074 2637 1085 2693 ;
1111 2611 1185 2698 pbst
1207 2623 1315 2678 autem

268 2716 438 2784 cruditum.
481 2719 565 2782 Nam
588 2719 734 2801 Galbam,
758 2721 954 2804 Africanum,
975 2723 1122 2804 Laelium,
1138 2723 1248 2789 doctos
1263 2709 1324 2789 fuss

270 2828 344 2906 isse,
368 2828 529 2892 memoriae
550 2829 700 2906 traditum
727 2842 796 2896 est:
823 2827 1001 2898 studiosum
1023 2843 1128 2898 autern
1150 2838 1235 2914 eum,
1260 2821 1317 2919 qdi
1441 2847 1442 2890 i

271 2941 333 3016 hos
347 2949 441 3005 astato
455 2941 605 3022 anteibat,
632 2942 807 3008 Catonem:
822 2945 896 3029 pbst
909 2945 984 3009 verb
1007 2937 1172 3029 Lepidum,
1196 2929 1317 3010 Carbo·

270 3073 356 3130 nem,
380 3051 543 3118 Gracchos
554 3077 565 3133 3
591 3051 704 3115 deinde
726 3052 771 3115 ita
791 3072 933 3136 magnos,
950 3064 1090 3120 nostram
1113 3054 1153 3118 ad
1176 3047 1316 3136 aetatem',

270 3173 386 3229 utnon
401 3165 550 3244 multum,
564 3173 620 3227 aut
634 3163 712 3226 nihil
725 3163 868 3246 omnino,
884 3163 1005 3230 Graecis
1021 3165 1194 3233 cederetur.
1262 3235 1269 3263 θ
1309 3183 1314 3188 ·

312 3367 519 3462 Philosophia
543 3370 648 3458 jacuit
677 3393 779 3460 usque
806 3376 846 3440 ad
873 3376 953 3440 hanc
971 3385 1113 3458 atatem,
1133 3401 1193 3444 nec
1214 3371 1317 3446 ullum

274 3478 387 3546 babuit
413 3481 521 3546 lumen
549 3482 710 3550 literarum
737 3486 942 3554 latinarum:
972 3510 1050 3573 quas·
1070 3489 1258 3556 illustranda
1285 3501 1318 3558 et

274 3589 441 3662 excitanda.
452 3590 543 3656 nobis
559 3605 628 3674 est;
652 3604 699 3675 ut,
715 3595 743 3659 si
757 3597 902 3682 occupati
916 3599 1093 3682 profuimus
1108 3592 1228 3688 aliquid
1241 3601 1329 3668 civi-'

232 3721 235 3729 “
270 3703 333 3808 ιὶὶιιε
348 3702 476 3783 nostris,
491 3703 649 3787 prosimus
672 3707 778 3788 etiam,
796 3707 827 3770 si
849 3725 1030 3794 possumus,
1054 3704 1159 3780 otiosi.
1184 3703 1241 3786 'Iu
1256 3738 1319 3801 quo

276 3815 315 3875 eb
342 3813 441 3899 magis
469 3815 561 3878 nobis
589 3827 638 3880 est
666 3817 899 3899 elaborandum,
927 3821 1134 3916 quddmulti
1158 3821 1225 3910 jam
1248 3847 1316 3889 esso
1440 3849 1441 3890 1

276 3923 382 3998 Latini
404 3927 475 3993 libri
495 3927 642 3992 dicuutur
665 3929 773 4016 scripti
794 3929 1018 3998 inconsiderati
1045 3933 1083 3997 ab
1105 3933 1232 4022 optimis
1253 3934 1315 4006 illia
