2852 4714
468 325 754 429 nsmncuuo.
784 389 787 398 .
1073 287 1158 426 ιιι]

95 502 258 572 dediscens
280 504 393 591 gorius)
411 505 513 572 ιοιιιιι
537 503 679 570 monium
702 504 819 571 civium
844 505 1141 592 excellentissimus,

96 617 208 702 vigore
230 615 327 682 animi
349 615 529 697 acerrimus,
549 613 772 682 munificentiae
795 612 1015 700 effimissimus,
1035 617 1140 684 animo

97 747 195 812 super
209 725 377 791 humanam
392 734 425 790 et
448 735 591 790 naturam
613 735 646 790 et
671 723 764 790 iidem
779 736 927 809 euectus3
951 729 1140 813 magnitudi-

97 833 399 922 neeo'gltationurn,
415 835 574 900 celeritate
587 833 735 918 bellandi,
749 835 899 922 patients
917 837 1143 924 periculorum,

100 949 230 1032 Magno
246 943 293 1009 illi
307 944 498 1027 Alexandro,
514 945 570 1012 sed
593 946 698 1012 sobrio
721 969 822 1034 neque
845 949 1004 1041 iracundo,
1019 951 1144 1046 similli-

101 1077 197 1126 mus·
187 1103 199 1138 ‚
222 1077 278 1142 qur
267 1054 427 1142 denique
443 1077 568 1142 semper
592 1065 625 1122 et
638 1079 752 1123 somno
766 1067 800 1124 et
814 1061 915 1126 cibo
905 1085 938 1127 m
952 1063 1060 1144 vitam,
1076 1085 1144 1130 nou

102 1167 137 1234 in
152 1169 369 1254 voluptatem,
376 1168 534 1232 utebatur.

147 1357 227 1424 Hoc
250 1350 326 1422 Cos.
350 1351 431 1418 inter
451 1374 526 1418 eum
547 1362 579 1417 et
599 1351 659 1419 Cn.
679 1351 865 1440 Pompeium
884 1365 917 1421 et
931 1357 982 1423 M.
997 1358 1150 1424 Crassum

103 1465 185 1532 inita
206 1462 361 1550 potentia
381 1463 540 1544 societas3
565 1482 636 1550 quea
657 1463 728 1530 urbi
747 1465 878 1550 orbique
899 1465 1062 1549 terrarum,
1087 1489 1149 1533 nee

105 1575 214 1644 miruirs
235 1573 358 1640 diverso
373 1595 498 1660 quoque
513 1583 666 1658 tempore,
683 1572 759 1660 ipsis
773 1575 940 1642 exitiabilis
953 1577 1026 1643 iuit.
1071 1579 1148 1644 Hoc

105 1685 275 1776 eonsilium
291 1683 441 1770 sequendi
456 1683 624 1771 Pompeius
639 1705 764 1756 causam
774 1675 953 1770 habuerat3
942 1698 1005 1752 ·ut
1020 1685 1146 1752 tandem
1232 1673 1234 1681 ¹

105 1808 177 1898 aeta
191 1797 225 1862 in
241 1795 452 1862 transmarinis
467 1795 647 1882 provinciis,
669 1796 784 1884 quibus
803 1796 897 1862 multi
919 1801 1150 1902 obtrectabunt,

104 1931 165 1996 per
193 1906 351 1972 Caesarem
381 1905 641 1972 confirmarentur
669 1906 861 1973 Consulem.
897 1908 1003 1974 Caesar
1030 1921 1149 1994 autern,

108 2020 195 2108 quod
208 2017 473 2096 mimedvertebat
484 2039 529 2098 se,
539 2015 677 2084 cedendo
690 2015 835 2102 Pompeii
846 2017 968 2102 glories,
982 2030 1151 2088 aucturum

108 2153 212 2210 suam,
240 2138 283 2209 et,
299 2127 422 2194 invidit
448 2127 626 2192 communis
648 2127 800 2212 potentia
824 2126 857 2192 in
882 2128 975 2196 illum
1001 2133 1152 2217 relegato,

108 2243 367 2309 confirmaturum
389 2239 470 2304 vires
491 2260 586 2304 suas:
613 2239 759 2317 Crassus,
777 2248 814 2302 ut
827 2258 923 2324 quem
938 2240 1149 2328 principatum

108 2355 197 2452 solos
226 2350 353 2440 adsequi
379 2373 443 2418 nou
471 2359 607 2436 poteret,
635 2348 821 2417 auetoritute
845 2347 1001 2439 Pompeii,
1019 2353 1149 2420 uiribus
1201 2349 1204 2361 '

111 2443 239 2562 leuepet
253 2461 395 2530 Caesaris
410 2543 412 2547 Ι

533 2667 749 2748 cronius,

112 2855 125 2890 e:
142 2831 221 2900 :Per
236 2832 317 2898 idem
333 2841 470 2916 tempus,
481 2829 517 2896 l‘.
530 2829 671 2910 Clodius,
683 2830 780 2895 bomo
794 2828 922 2912 nobilis,
938 2829 1083 2914 disertus,
1096 2853 1155 2899 au*

114 2947 189 3023 dax,
206 2941 268 3030 *qui
291 2937 395 3027 nepus
416 2923 547 3006 dicendi
563 2959 664 3026 neque
685 2940 821 3006 timendi
840 2941 953 3021 ullum,
976 2942 1036 3008 nisi
1059 2963 1156 3030 quem

113 3056 225 3146 vellet,
246 3057 357 3148 nosset
380 3053 521 3133 modum,
547 3055 702 3117 malorum
730 3051 964 3138 propositorum
990 3065 1159 3120 exsecutor

112 3168 296 3246 acerrimus,
320 3165 443 3234 infantis
466 3165 559 3230 etium
583 3165 698 3228 sororis
723 3174 845 3248 stupro,
871 3171 904 3226 et
926 3165 1015 3228 aetus
1041 3163 1155 3230 incesti

115 3303 189 3348 reus
205 3281 246 3346 ob
260 3279 371 3344 initum
388 3277 470 3341 inter
485 3273 726 3360 religiosissima
735 3273 772 3340 P.
788 3273 830 3338 R.
846 3293 932 3338 sacra
946 3271 1158 3358 adulterium}
1215 3335 1219 3344 ,

118 3394 194 3456 cinn
212 3411 319 3474 graves
343 3386 521 3482 inimicitias
539 3408 612 3452 cum
632 3385 681 3452 M.
701 3383 852 3450 Cicerone
874 3394 1044 3465 exerceret,
1069 3383 1160 3474 (quid

119 3500 206 3564 enim
222 3499 302 3564 inter
318 3500 381 3574 tuin
397 3495 563 3564 dissimiles
579 3496 715 3562 amicum
728 3519 796 3564 esse
807 3505 933 3584 poterat
944 3497 972 3580 l)
986 3500 1041 3562 et
1030 3521 1048 3562 a
1062 3498 1160 3584 patri

117 3613 180 3676 bus
202 3607 241 3674 ad
266 3611 392 3696 plebem
416 3611 592 3690 transisset,
614 3607 747 3694 legem
738 3631 770 3673 m
793 3603 953 3675 tribunatu
967 3608 1162 3692 tulit—Qui

115 3704 213 3790 οιῖιιὲιιι
227 3721 401 3786 &menum
414 3722 624 3788 indemnatum
635 3722 842 3802 interemisset,
857 3743 885 3785 es
877 3722 980 3807 aquo
992 3726 1033 3788 et
1035 3722 1100 3808 igni
1111 3721 1159 3784 in·

118 3834 326 3902 terdiceretar.
359 3829 463 3919 Cujus
471 3831 587 3900 uerbis
583 3830 653 3896 etsi
665 3851 730 3896 uon
744 3831 963 3922 nominabatur
975 3830 1098 3908 Cieero,
1109 3837 1160 3893 ta-

118 3949 298 4032 ruensssplus
311 3947 487 4032 petebatur.
516 3943 567 4009 Ita
580 3943 638 4024 vir,
654 3942 774 4030 optime
789 3915 919 4012 meritus
934 3941 973 4006 de
988 3939 1167 4024 republica,

119 4057 315 4143 oonser'vatae
330 4052 602 4147 putrirepretiom,
617 4046 826 4122 mansuem
841 4050 945 4146 exsilii
958 4049 1046 4144 tulit.⁴
