<?xml version="1.0" encoding="UTF-8"?>
<!DOCTYPE html PUBLIC "-//W3C//DTD XHTML 1.0 Transitional//EN"
    "http://www.w3.org/TR/xhtml1/DTD/xhtml1-transitional.dtd">
<html xmlns="http://www.w3.org/1999/xhtml" xml:lang="en" lang="en">
 <head>
  <title>
</title>
<meta http-equiv="Content-Type" content="text/html;charset=utf-8" />
  <meta name='ocr-system' content='tesseract 3.04.00' />
  <meta name='ocr-capabilities' content='ocr_page ocr_carea ocr_par ocr_line ocrx_word'/>
</head>
<body>
  <div class='ocr_page' id='page_1' title='image "./scriptoresroman00unkngoog_0068.png"; bbox 0 0 2932 4700; ppageno 0'>
   <div class='ocr_carea' id='block_1_1' title="bbox 260 323 935 416">
    <p class='ocr_par' dir='ltr' id='par_1_1' title="bbox 260 323 935 416">
     <span class='ocr_line' id='line_1_1' title="bbox 260 323 935 416; baseline 0 -2"><span class='ocrx_word' id='word_1_1' title='bbox 260 340 305 414; x_wconf 80' lang='lat' dir='ltr'><strong>tt</strong></span> <span class='ocrx_word' id='word_1_2' title='bbox 624 325 684 416; x_wconf 53' lang='lat' dir='ltr'><strong>aa</strong></span> <span class='ocrx_word' id='word_1_3' title='bbox 698 352 747 416; x_wconf 85' lang='lat' dir='ltr'><strong>m.</strong></span> <span class='ocrx_word' id='word_1_4' title='bbox 769 323 935 416; x_wconf 79' lang='grc' dir='ltr'>τίιιιιο</span> 
     </span>
    </p>
   </div>
   <div class='ocr_carea' id='block_1_2' title="bbox 259 520 1303 828">
    <p class='ocr_par' dir='ltr' id='par_1_2' title="bbox 259 520 1303 828">
     <span class='ocr_line' id='line_1_2' title="bbox 261 520 1301 610; baseline -0.004 -24"><span class='ocrx_word' id='word_1_5' title='bbox 261 521 400 603; x_wconf 81' lang='lat' dir='ltr'><strong>intuens,</strong></span> <span class='ocrx_word' id='word_1_6' title='bbox 422 524 613 610; x_wconf 79' lang='lat' dir='ltr'>Scipionem,</span> <span class='ocrx_word' id='word_1_7' title='bbox 636 525 805 602; x_wconf 74' lang='lat' dir='ltr'><strong>Catonem,</strong></span> <span class='ocrx_word' id='word_1_8' title='bbox 830 521 979 601; x_wconf 82' lang='lat' dir='ltr'><strong>Laelium,</strong></span> <span class='ocrx_word' id='word_1_9' title='bbox 1001 530 1144 588; x_wconf 87' lang='lat' dir='ltr'><strong>nostrum</strong></span> <span class='ocrx_word' id='word_1_10' title='bbox 1166 522 1240 600; x_wconf 74' lang='lat' dir='ltr'><strong>uero</strong></span> <span class='ocrx_word' id='word_1_11' title='bbox 1267 520 1301 606; x_wconf 78' lang='lat' dir='ltr'><strong>in</strong></span> 
     </span>
     <span class='ocr_line' id='line_1_3' title="bbox 259 629 1303 720; baseline -0.002 -24"><span class='ocrx_word' id='word_1_12' title='bbox 259 629 369 716; x_wconf 81' lang='lat' dir='ltr'><strong>primis</strong></span> <span class='ocrx_word' id='word_1_13' title='bbox 389 653 481 698; x_wconf 86' lang='lat' dir='ltr'><strong>avum</strong></span> <span class='ocrx_word' id='word_1_14' title='bbox 491 629 651 720; x_wconf 76' lang='lat' dir='ltr'><strong>ieogitare.</strong></span> <span class='ocrx_word' id='word_1_15' title='bbox 694 633 798 697; x_wconf 88' lang='lat' dir='ltr'><strong>Tanta</strong></span> <span class='ocrx_word' id='word_1_16' title='bbox 811 633 857 696; x_wconf 88' lang='lat' dir='ltr'><strong>vis</strong></span> <span class='ocrx_word' id='word_1_17' title='bbox 873 630 1094 698; x_wconf 75' lang='lat' dir='ltr'><strong>admonitionis</strong></span> <span class='ocrx_word' id='word_1_18' title='bbox 1110 631 1191 696; x_wconf 90' lang='lat' dir='ltr'><strong>inest</strong></span> <span class='ocrx_word' id='word_1_19' title='bbox 1205 631 1235 695; x_wconf 91' lang='lat' dir='ltr'><strong>in</strong></span> <span class='ocrx_word' id='word_1_20' title='bbox 1252 633 1303 694; x_wconf 92' lang='lat' dir='ltr'><strong>lo-</strong></span> 
     </span>
     <span class='ocr_line' id='line_1_4' title="bbox 261 740 1287 828; baseline 0.001 -22"><span class='ocrx_word' id='word_1_21' title='bbox 261 740 319 822; x_wconf 88' lang='lat' dir='ltr'><strong>cis,</strong></span> <span class='ocrx_word' id='word_1_22' title='bbox 334 750 370 806; x_wconf 90' lang='lat' dir='ltr'><strong>nt</strong></span> <span class='ocrx_word' id='word_1_23' title='bbox 385 763 450 808; x_wconf 93' lang='lat' dir='ltr'><strong>non</strong></span> <span class='ocrx_word' id='word_1_24' title='bbox 465 742 530 806; x_wconf 87' lang='lat' dir='ltr'><strong>sine</strong></span> <span class='ocrx_word' id='word_1_25' title='bbox 546 745 639 806; x_wconf 70' lang='lat' dir='ltr'><strong>coust</strong></span> <span class='ocrx_word' id='word_1_26' title='bbox 653 763 693 806; x_wconf 81' lang='lat' dir='ltr'><strong>ex</strong></span> <span class='ocrx_word' id='word_1_27' title='bbox 706 741 756 807; x_wconf 89' lang='lat' dir='ltr'><strong>his</strong></span> <span class='ocrx_word' id='word_1_28' title='bbox 771 743 931 807; x_wconf 74' lang='lat' dir='ltr'><strong>memoria</strong></span> <span class='ocrx_word' id='word_1_29' title='bbox 946 742 1040 807; x_wconf 86' lang='lat' dir='ltr'><strong>ducta</strong></span> <span class='ocrx_word' id='word_1_30' title='bbox 1055 741 1097 807; x_wconf 89' lang='lat' dir='ltr'><strong>sit</strong></span> <span class='ocrx_word' id='word_1_31' title='bbox 1111 741 1287 828; x_wconf 82' lang='lat' dir='ltr'><strong>disciplina.</strong></span> 
     </span>
    </p>
   </div>
   <div class='ocr_carea' id='block_1_3' title="bbox 259 939 1319 1790">
    <p class='ocr_par' dir='ltr' id='par_1_3' title="bbox 259 939 1319 1790">
     <span class='ocr_line' id='line_1_5' title="bbox 303 939 1305 1040; baseline 0.001 -23"><span class='ocrx_word' id='word_1_32' title='bbox 303 952 389 1017; x_wconf 75' lang='lat' dir='ltr'><strong>Tum</strong></span> <span class='ocrx_word' id='word_1_33' title='bbox 403 939 555 1029; x_wconf 83' lang='lat' dir='ltr'><strong>Quintus,</strong></span> <span class='ocrx_word' id='word_1_34' title='bbox 575 947 637 1013; x_wconf 84' lang='lat' dir='ltr'><strong>Est</strong></span> <span class='ocrx_word' id='word_1_35' title='bbox 655 952 772 1034; x_wconf 76' lang='lat' dir='ltr'><strong>plane,-</strong></span> <span class='ocrx_word' id='word_1_36' title='bbox 785 948 870 1031; x_wconf 88' lang='lat' dir='ltr'><strong>Piso,</strong></span> <span class='ocrx_word' id='word_1_37' title='bbox 895 961 931 1015; x_wconf 92' lang='lat' dir='ltr'><strong>ut</strong></span> <span class='ocrx_word' id='word_1_38' title='bbox 951 949 1040 1033; x_wconf 85' lang='lat' dir='ltr'><strong>dicis,</strong></span> <span class='ocrx_word' id='word_1_39' title='bbox 1063 950 1175 1040; x_wconf 86' lang='lat' dir='ltr'><strong>inquit.</strong></span> <span class='ocrx_word' id='word_1_40' title='bbox 1217 953 1305 1019; x_wconf 82' lang='lat' dir='ltr'><strong>Nam</strong></span> 
     </span>
     <span class='ocr_line' id='line_1_6' title="bbox 260 1059 1306 1152; baseline 0 -26"><span class='ocrx_word' id='word_1_41' title='bbox 260 1086 313 1130; x_wconf 88' lang='lat' dir='ltr'><strong>me</strong></span> <span class='ocrx_word' id='word_1_42' title='bbox 328 1063 432 1148; x_wconf 89' lang='lat' dir='ltr'><strong>ipsum</strong></span> <span class='ocrx_word' id='word_1_43' title='bbox 446 1062 510 1131; x_wconf 90' lang='lat' dir='ltr'><strong>hue</strong></span> <span class='ocrx_word' id='word_1_44' title='bbox 524 1061 629 1142; x_wconf 76' lang='lat' dir='ltr'><strong>morli)¹</strong></span> <span class='ocrx_word' id='word_1_45' title='bbox 639 1059 817 1142; x_wconf 78' lang='lat' dir='ltr'><strong>venientem</strong></span> <span class='ocrx_word' id='word_1_46' title='bbox 832 1062 1034 1152; x_wconf 67' lang='lat' dir='ltr'><strong>converteliat</strong></span> <span class='ocrx_word' id='word_1_47' title='bbox 1045 1062 1092 1132; x_wconf 81' lang='lat' dir='ltr'><strong>ad</strong></span> <span class='ocrx_word' id='word_1_48' title='bbox 1114 1085 1182 1146; x_wconf 79' lang='lat' dir='ltr'><strong>sese</strong></span> <span class='ocrx_word' id='word_1_49' title='bbox 1196 1063 1306 1144; x_wconf 63' lang='lat' dir='ltr'><strong>Colo,</strong></span> 
     </span>
     <span class='ocr_line' id='line_1_7' title="bbox 262 1155 1316 1263; baseline -0.002 -23"><span class='ocrx_word' id='word_1_50' title='bbox 262 1155 339 1240; x_wconf 88' lang='lat' dir='ltr'><strong>neus</strong></span> <span class='ocrx_word' id='word_1_51' title='bbox 365 1173 421 1237; x_wconf 89' lang='lat' dir='ltr'><strong>ille</strong></span> <span class='ocrx_word' id='word_1_52' title='bbox 444 1175 545 1252; x_wconf 89' lang='lat' dir='ltr'><strong>locus,</strong></span> <span class='ocrx_word' id='word_1_53' title='bbox 568 1169 661 1258; x_wconf 85' lang='lat' dir='ltr'><strong>eujus</strong></span> <span class='ocrx_word' id='word_1_54' title='bbox 683 1169 787 1234; x_wconf 86' lang='lat' dir='ltr'><strong>incola</strong></span> <span class='ocrx_word' id='word_1_55' title='bbox 808 1171 984 1263; x_wconf 86' lang='lat' dir='ltr'><strong>Sophocles</strong></span> <span class='ocrx_word' id='word_1_56' title='bbox 1008 1173 1048 1236; x_wconf 93' lang='lat' dir='ltr'><strong>ob</strong></span> <span class='ocrx_word' id='word_1_57' title='bbox 1070 1174 1178 1238; x_wconf 86' lang='lat' dir='ltr'><strong>oeulos</strong></span> <span class='ocrx_word' id='word_1_58' title='bbox 1198 1165 1316 1238; x_wconf 77' lang='lat' dir='ltr'><strong>versu-&#39;</strong></span> 
     </span>
     <span class='ocr_line' id='line_1_8' title="bbox 259 1261 1305 1373; baseline 0.002 -25"><span class='ocrx_word' id='word_1_59' title='bbox 259 1287 363 1348; x_wconf 82' lang='lat' dir='ltr'><strong>betur.</strong></span> <span class='ocrx_word' id='word_1_60' title='bbox 406 1261 512 1352; x_wconf 81' lang='lat' dir='ltr'><strong>Quem</strong></span> <span class='ocrx_word' id='word_1_61' title='bbox 537 1279 598 1344; x_wconf 86' lang='lat' dir='ltr'><strong>seis</strong></span> <span class='ocrx_word' id='word_1_62' title='bbox 622 1283 716 1368; x_wconf 71' lang='lat' dir='ltr'><strong>quim</strong></span> <span class='ocrx_word' id='word_1_63' title='bbox 742 1263 885 1362; x_wconf 82' lang='lat' dir='ltr'><strong>admirer,</strong></span> <span class='ocrx_word' id='word_1_64' title='bbox 911 1285 1068 1370; x_wconf 70' lang='lat' dir='ltr'><strong>quamque</strong></span> <span class='ocrx_word' id='word_1_65' title='bbox 1091 1306 1130 1347; x_wconf 82' lang='lat' dir='ltr'><strong>eo</strong></span> <span class='ocrx_word' id='word_1_66' title='bbox 1155 1284 1305 1373; x_wconf 69' lang='lat' dir='ltr'><strong>delecter.</strong></span> 
     </span>
     <span class='ocr_line' id='line_1_9' title="bbox 262 1389 1306 1480; baseline -0.001 -21"><span class='ocrx_word' id='word_1_67' title='bbox 262 1393 319 1462; x_wconf 83' lang='lat' dir='ltr'><strong>Me</strong></span> <span class='ocrx_word' id='word_1_68' title='bbox 335 1391 460 1480; x_wconf 90' lang='lat' dir='ltr'><strong>quidem</strong></span> <span class='ocrx_word' id='word_1_69' title='bbox 476 1389 518 1456; x_wconf 85' lang='lat' dir='ltr'><strong>ad·</strong></span> <span class='ocrx_word' id='word_1_70' title='bbox 529 1391 672 1456; x_wconf 82' lang='lat' dir='ltr'><strong>altiorem</strong></span> <span class='ocrx_word' id='word_1_71' title='bbox 684 1391 867 1476; x_wconf 70' lang='lat' dir='ltr'><strong>memoriam</strong></span> <span class='ocrx_word' id='word_1_72' title='bbox 880 1391 1047 1478; x_wconf 88' lang='lat' dir='ltr'><strong>OEdipodis</strong></span> <span class='ocrx_word' id='word_1_73' title='bbox 1062 1395 1124 1460; x_wconf 86' lang='lat' dir='ltr'><strong>hue</strong></span> <span class='ocrx_word' id='word_1_74' title='bbox 1138 1394 1306 1475; x_wconf 74' lang='lat' dir='ltr'><strong>venientis,</strong></span> 
     </span>
     <span class='ocr_line' id='line_1_10' title="bbox 261 1483 1319 1592; baseline 0.002 -22"><span class='ocrx_word' id='word_1_75' title='bbox 261 1483 295 1570; x_wconf 80' lang='lat' dir='ltr'><strong>et</strong></span> <span class='ocrx_word' id='word_1_76' title='bbox 308 1502 365 1567; x_wconf 95' lang='lat' dir='ltr'><strong>illo</strong></span> <span class='ocrx_word' id='word_1_77' title='bbox 380 1501 568 1586; x_wconf 83' lang='lat' dir='ltr'><strong>mollissimo</strong></span> <span class='ocrx_word' id='word_1_78' title='bbox 583 1504 603 1546; x_wconf 64' lang='lat' dir='ltr'><strong>*l</strong></span> <span class='ocrx_word' id='word_1_79' title='bbox 615 1501 762 1581; x_wconf 86' lang='lat' dir='ltr'><strong>carmine,</strong></span> <span class='ocrx_word' id='word_1_80' title='bbox 779 1524 924 1588; x_wconf 81' lang='lat' dir='ltr'><strong>quaennm</strong></span> <span class='ocrx_word' id='word_1_81' title='bbox 938 1515 1045 1570; x_wconf 85' lang='lat' dir='ltr'><strong>essent</strong></span> <span class='ocrx_word' id='word_1_82' title='bbox 1059 1506 1127 1592; x_wconf 81' lang='lat' dir='ltr'><strong>ipsa</strong></span> <span class='ocrx_word' id='word_1_83' title='bbox 1139 1507 1213 1586; x_wconf 75' lang='lat' dir='ltr'><strong>huo.</strong></span> <span class='ocrx_word' id='word_1_84' title='bbox 1222 1508 1319 1586; x_wconf 44' lang='lat' dir='ltr'><strong>lom,</strong></span> 
     </span>
     <span class='ocr_line' id='line_1_11' title="bbox 261 1595 1313 1700; baseline 0 -20"><span class='ocrx_word' id='word_1_85' title='bbox 261 1612 448 1700; x_wconf 87' lang='lat' dir='ltr'><strong>requirentis</strong></span> <span class='ocrx_word' id='word_1_86' title='bbox 463 1595 584 1696; x_wconf 81' lang='lat' dir='ltr'><strong>species</strong></span> <span class='ocrx_word' id='word_1_87' title='bbox 608 1610 751 1696; x_wconf 73' lang='lat' dir='ltr'><strong>quadarn</strong></span> <span class='ocrx_word' id='word_1_88' title='bbox 767 1612 948 1694; x_wconf 83' lang='lat' dir='ltr'><strong>commovit,</strong></span> <span class='ocrx_word' id='word_1_89' title='bbox 972 1614 1072 1680; x_wconf 87' lang='lat' dir='ltr'><strong>inanis</strong></span> <span class='ocrx_word' id='word_1_90' title='bbox 1095 1615 1226 1695; x_wconf 75' lang='lat' dir='ltr'><strong>scilicet,</strong></span> <span class='ocrx_word' id='word_1_91' title='bbox 1249 1615 1313 1690; x_wconf 64' lang='lat' dir='ltr'><strong>sed,</strong></span> 
     </span>
     <span class='ocr_line' id='line_1_12' title="bbox 261 1724 584 1790; baseline -0.009 -2"><span class='ocrx_word' id='word_1_92' title='bbox 261 1724 436 1790; x_wconf 86' lang='lat' dir='ltr'><strong>commovit</strong></span> <span class='ocrx_word' id='word_1_93' title='bbox 450 1733 567 1786; x_wconf 83' lang='lat' dir='ltr'><strong>tamen.</strong></span> <span class='ocrx_word' id='word_1_94' title='bbox 581 1759 584 1764; x_wconf 93' lang='lat'>·</span> 
     </span>
    </p>
   </div>
   <div class='ocr_carea' id='block_1_4' title="bbox 153 1909 1326 2684">
    <p class='ocr_par' dir='ltr' id='par_1_4' title="bbox 197 1909 1306 2028">
     <span class='ocr_line' id='line_1_13' title="bbox 197 1909 1306 2028; baseline 0.007 -33"><span class='ocrx_word' id='word_1_95' title='bbox 197 1915 202 1929; x_wconf 55' lang='lat'><strong><em>¹</em></strong></span> <span class='ocrx_word' id='word_1_96' title='bbox 276 1926 280 1934; x_wconf 79' lang='grc'><strong>’</strong></span> <span class='ocrx_word' id='word_1_97' title='bbox 303 1931 388 2004; x_wconf 83' lang='lat' dir='ltr'><strong>Tum</strong></span> <span class='ocrx_word' id='word_1_98' title='bbox 416 1929 622 2028; x_wconf 81' lang='lat' dir='ltr'><strong>Pomponius,</strong></span> <span class='ocrx_word' id='word_1_99' title='bbox 648 1933 697 2019; x_wconf 87' lang='grc' dir='ltr'><strong>Αι</strong></span> <span class='ocrx_word' id='word_1_100' title='bbox 719 1955 790 2018; x_wconf 81' lang='lat' dir='ltr'><strong>ego,</strong></span> <span class='ocrx_word' id='word_1_101' title='bbox 813 1955 908 2020; x_wconf 80' lang='lat' dir='ltr'><strong>quern</strong></span> <span class='ocrx_word' id='word_1_102' title='bbox 929 1915 997 2015; x_wconf 79' lang='lat' dir='ltr'><strong>vos,</strong></span> <span class='ocrx_word' id='word_1_103' title='bbox 1012 1945 1048 2002; x_wconf 94' lang='lat' dir='ltr'><strong>ut</strong></span> <span class='ocrx_word' id='word_1_104' title='bbox 1069 1909 1208 2028; x_wconf 64' lang='lat' dir='ltr'><strong>deditum</strong></span> <span class='ocrx_word' id='word_1_105' title='bbox 1223 1937 1306 2026; x_wconf 81' lang='lat' dir='ltr'><strong>Epi·</strong></span> 
     </span>
    </p>

    <p class='ocr_par' dir='ltr' id='par_1_5' title="bbox 262 2043 1307 2132">
     <span class='ocr_line' id='line_1_14' title="bbox 262 2043 1307 2132; baseline 0.002 -20"><span class='ocrx_word' id='word_1_106' title='bbox 262 2067 350 2126; x_wconf 85' lang='lat' dir='ltr'><strong>curo,</strong></span> <span class='ocrx_word' id='word_1_107' title='bbox 366 2043 513 2120; x_wconf 76' lang='lat' dir='ltr'><strong>insectari</strong></span> <span class='ocrx_word' id='word_1_108' title='bbox 526 2043 654 2124; x_wconf 82' lang='lat' dir='ltr'><strong>soletis,</strong></span> <span class='ocrx_word' id='word_1_109' title='bbox 664 2065 734 2107; x_wconf 90' lang='lat' dir='ltr'><strong>sum</strong></span> <span class='ocrx_word' id='word_1_110' title='bbox 749 2047 887 2124; x_wconf 76' lang='lat' dir='ltr'><strong>multirm</strong></span> <span class='ocrx_word' id='word_1_111' title='bbox 902 2046 1046 2132; x_wconf 78' lang='lat' dir='ltr'><strong>equidem</strong></span> <span class='ocrx_word' id='word_1_112' title='bbox 1066 2069 1139 2114; x_wconf 86' lang='lat' dir='ltr'><strong>cum</strong></span> <span class='ocrx_word' id='word_1_113' title='bbox 1160 2048 1307 2130; x_wconf 74' lang='lat' dir='ltr'><strong>Phaedro,</strong></span> 
     </span>
    </p>

    <p class='ocr_par' dir='ltr' id='par_1_6' title="bbox 153 2141 1307 2256">
     <span class='ocr_line' id='line_1_15' title="bbox 153 2141 1307 2256; baseline 0.002 -36"><span class='ocrx_word' id='word_1_114' title='bbox 153 2144 156 2155; x_wconf 65' lang='grc'>’</span> <span class='ocrx_word' id='word_1_115' title='bbox 263 2179 358 2246; x_wconf 88' lang='lat' dir='ltr'><strong>quem</strong></span> <span class='ocrx_word' id='word_1_116' title='bbox 373 2154 465 2223; x_wconf 81' lang='lat' dir='ltr'><strong>unice</strong></span> <span class='ocrx_word' id='word_1_117' title='bbox 481 2153 589 2240; x_wconf 84' lang='lat' dir='ltr'><strong>diligo,</strong></span> <span class='ocrx_word' id='word_1_118' title='bbox 604 2162 641 2237; x_wconf 85' lang='grc' dir='ltr'><strong>ιιι</strong></span> <span class='ocrx_word' id='word_1_119' title='bbox 662 2141 762 2234; x_wconf 86' lang='lat' dir='ltr'><strong>scitis,</strong></span> <span class='ocrx_word' id='word_1_120' title='bbox 787 2155 819 2220; x_wconf 91' lang='lat' dir='ltr'><strong>in</strong></span> <span class='ocrx_word' id='word_1_121' title='bbox 838 2155 969 2240; x_wconf 79' lang='lat' dir='ltr'><strong>Epicuri</strong></span> <span class='ocrx_word' id='word_1_122' title='bbox 982 2157 1095 2256; x_wconf 72' lang='lat' dir='ltr'><strong>hortis,</strong></span> <span class='ocrx_word' id='word_1_123' title='bbox 1115 2179 1198 2244; x_wconf 90' lang='lat' dir='ltr'><strong>quos</strong></span> <span class='ocrx_word' id='word_1_124' title='bbox 1210 2157 1307 2224; x_wconf 82' lang='lat' dir='ltr'><strong>modo</strong></span> 
     </span>
    </p>

    <p class='ocr_par' dir='ltr' id='par_1_7' title="bbox 261 2262 1326 2464">
     <span class='ocr_line' id='line_1_16' title="bbox 261 2262 1326 2350; baseline 0.007 -22"><span class='ocrx_word' id='word_1_125' title='bbox 261 2262 518 2350; x_wconf 69' lang='lat' dir='ltr'><strong>praeteribamus:</strong></span> <span class='ocrx_word' id='word_1_126' title='bbox 552 2263 608 2328; x_wconf 90' lang='lat' dir='ltr'><strong>sed</strong></span> <span class='ocrx_word' id='word_1_127' title='bbox 635 2263 749 2344; x_wconf 83' lang='lat' dir='ltr'><strong>veteris</strong></span> <span class='ocrx_word' id='word_1_128' title='bbox 782 2265 939 2350; x_wconf 87' lang='lat' dir='ltr'><strong>proverbii</strong></span> <span class='ocrx_word' id='word_1_129' title='bbox 955 2266 1142 2350; x_wconf 79' lang='lat' dir='ltr'><strong>admonitu,</strong></span> <span class='ocrx_word' id='word_1_130' title='bbox 1170 2270 1326 2336; x_wconf 78' lang='lat' dir='ltr'><strong>uiuorum.</strong></span> 
     </span>
     <span class='ocr_line' id='line_1_17' title="bbox 261 2356 1307 2464; baseline 0.005 -25"><span class='ocrx_word' id='word_1_131' title='bbox 261 2375 406 2442; x_wconf 78' lang='lat' dir='ltr'><strong>memini.-</strong></span> <span class='ocrx_word' id='word_1_132' title='bbox 436 2397 496 2440; x_wconf 88' lang='lat' dir='ltr'><strong>nec</strong></span> <span class='ocrx_word' id='word_1_133' title='bbox 526 2383 631 2440; x_wconf 85' lang='lat' dir='ltr'><strong>tamen</strong></span> <span class='ocrx_word' id='word_1_134' title='bbox 658 2373 792 2460; x_wconf 78' lang='lat' dir='ltr'><strong>Epicuri</strong></span> <span class='ocrx_word' id='word_1_135' title='bbox 821 2376 897 2440; x_wconf 86' lang='lat' dir='ltr'><strong>lieet</strong></span> <span class='ocrx_word' id='word_1_136' title='bbox 926 2356 1077 2458; x_wconf 82' lang='lat' dir='ltr'><strong>oblivisci,</strong></span> <span class='ocrx_word' id='word_1_137' title='bbox 1105 2379 1133 2442; x_wconf 89' lang='lat' dir='ltr'><strong>si</strong></span> <span class='ocrx_word' id='word_1_138' title='bbox 1159 2379 1307 2464; x_wconf 67' lang='lat' dir='ltr'><strong>cupiente</strong></span> 
     </span>
    </p>

    <p class='ocr_par' dir='ltr' id='par_1_8' title="bbox 262 2485 1324 2684">
     <span class='ocr_line' id='line_1_18' title="bbox 262 2485 1324 2578; baseline -0.001 -24"><span class='ocrx_word' id='word_1_139' title='bbox 262 2486 353 2578; x_wconf 86' lang='lat' dir='ltr'><strong>cujus</strong></span> <span class='ocrx_word' id='word_1_140' title='bbox 370 2487 538 2574; x_wconf 81' lang='lat' dir='ltr'><strong>imaginem</strong></span> <span class='ocrx_word' id='word_1_141' title='bbox 553 2508 618 2576; x_wconf 79' lang='lat' dir='ltr'><strong>non</strong></span> <span class='ocrx_word' id='word_1_142' title='bbox 633 2485 727 2550; x_wconf 74' lang='lat' dir='ltr'><strong>modi)</strong></span> <span class='ocrx_word' id='word_1_143' title='bbox 745 2485 777 2550; x_wconf 90' lang='lat' dir='ltr'><strong>iu</strong></span> <span class='ocrx_word' id='word_1_144' title='bbox 800 2485 914 2550; x_wconf 81' lang='lat' dir='ltr'><strong>tabulis</strong></span> <span class='ocrx_word' id='word_1_145' title='bbox 936 2486 1039 2552; x_wconf 85' lang='lat' dir='ltr'><strong>nostri</strong></span> <span class='ocrx_word' id='word_1_146' title='bbox 1057 2486 1236 2569; x_wconf 71' lang='lat' dir='ltr'><strong>familiares,</strong></span> <span class='ocrx_word' id='word_1_147' title='bbox 1251 2489 1324 2554; x_wconf 86' lang='lat' dir='ltr'><strong>sed.</strong></span> 
     </span>
     <span class='ocr_line' id='line_1_19' title="bbox 262 2577 1115 2684; baseline -0.004 -22"><span class='ocrx_word' id='word_1_148' title='bbox 262 2597 358 2664; x_wconf 88' lang='lat' dir='ltr'><strong>etiam</strong></span> <span class='ocrx_word' id='word_1_149' title='bbox 374 2599 407 2662; x_wconf 89' lang='lat' dir='ltr'><strong>in</strong></span> <span class='ocrx_word' id='word_1_150' title='bbox 420 2597 544 2684; x_wconf 87' lang='lat' dir='ltr'><strong>poculis</strong></span> <span class='ocrx_word' id='word_1_151' title='bbox 558 2606 592 2660; x_wconf 84' lang='lat' dir='ltr'><strong>et</strong></span> <span class='ocrx_word' id='word_1_152' title='bbox 606 2597 639 2662; x_wconf 89' lang='lat' dir='ltr'><strong>in</strong></span> <span class='ocrx_word' id='word_1_153' title='bbox 653 2596 787 2676; x_wconf 88' lang='lat' dir='ltr'><strong>annulis,</strong></span> <span class='ocrx_word' id='word_1_154' title='bbox 801 2597 928 2663; x_wconf 86' lang='lat' dir='ltr'><strong>habent.</strong></span> <span class='ocrx_word' id='word_1_155' title='bbox 1111 2577 1115 2586; x_wconf 38' lang='lat'><strong>⁴</strong></span> 
     </span>
    </p>
   </div>
   <div class='ocr_carea' id='block_1_5' title="bbox 222 2755 1331 4124">
    <p class='ocr_par' dir='ltr' id='par_1_9' title="bbox 222 2755 1331 4012">
     <span class='ocr_line' id='line_1_20' title="bbox 284 2755 1326 2904; baseline 0.004 -32.094"><span class='ocrx_word' id='word_1_156' title='bbox 284 2755 374 2872; x_wconf 80' lang='lat' dir='ltr'><strong>Hie</strong></span> <span class='ocrx_word' id='word_1_157' title='bbox 394 2825 465 2904; x_wconf 84' lang='lat' dir='ltr'><strong>ego,</strong></span> <span class='ocrx_word' id='word_1_158' title='bbox 482 2765 678 2902; x_wconf 82' lang='lat' dir='ltr'><strong>Pomponius</strong></span> <span class='ocrx_word' id='word_1_159' title='bbox 701 2803 862 2890; x_wconf 86' lang='lat' dir='ltr'><strong>quidem,</strong></span> <span class='ocrx_word' id='word_1_160' title='bbox 852 2827 991 2892; x_wconf 75' lang='lat' dir='ltr'><strong>mquam,</strong></span> <span class='ocrx_word' id='word_1_161' title='bbox 1008 2815 1121 2874; x_wconf 83' lang='lat' dir='ltr'><strong>roster</strong></span> <span class='ocrx_word' id='word_1_162' title='bbox 1136 2805 1240 2897; x_wconf 76' lang='lat' dir='ltr'><strong>jocari</strong></span> <span class='ocrx_word' id='word_1_163' title='bbox 1259 2808 1326 2896; x_wconf 46' lang='lat' dir='ltr'><strong>vim,</strong></span> 
     </span>
     <span class='ocr_line' id='line_1_21' title="bbox 263 2901 1328 3012; baseline -0.002 -27"><span class='ocrx_word' id='word_1_164' title='bbox 263 2901 366 3000; x_wconf 86' lang='lat' dir='ltr'><strong>detur,</strong></span> <span class='ocrx_word' id='word_1_165' title='bbox 380 2925 414 2982; x_wconf 85' lang='lat' dir='ltr'><strong>et</strong></span> <span class='ocrx_word' id='word_1_166' title='bbox 424 2917 560 3004; x_wconf 83' lang='lat' dir='ltr'><strong>fortasse</strong></span> <span class='ocrx_word' id='word_1_167' title='bbox 576 2937 633 2980; x_wconf 88' lang='lat' dir='ltr'><strong>suo</strong></span> <span class='ocrx_word' id='word_1_168' title='bbox 645 2914 727 3004; x_wconf 86' lang='lat' dir='ltr'><strong>jure</strong></span> <span class='ocrx_word' id='word_1_169' title='bbox 771 2916 821 2980; x_wconf 86' lang='lat' dir='ltr'><strong>Ito</strong></span> <span class='ocrx_word' id='word_1_170' title='bbox 832 2916 917 2980; x_wconf 87' lang='lat' dir='ltr'><strong>enim</strong></span> <span class='ocrx_word' id='word_1_171' title='bbox 931 2916 1066 3012; x_wconf 78' lang='lat' dir='ltr'><strong>Athenis</strong></span> <span class='ocrx_word' id='word_1_172' title='bbox 1081 2937 1115 2982; x_wconf 88' lang='lat' dir='ltr'><strong>se</strong></span> <span class='ocrx_word' id='word_1_173' title='bbox 1129 2917 1308 2998; x_wconf 74' lang='lat' dir='ltr'><strong>collocarit,</strong></span> <span class='ocrx_word' id='word_1_174' title='bbox 1322 3001 1328 3012; x_wconf 21' lang='grc' dir='ltr'>ι</span> 
     </span>
     <span class='ocr_line' id='line_1_22' title="bbox 264 3025 1326 3116; baseline -0.002 -20"><span class='ocrx_word' id='word_1_175' title='bbox 264 3043 300 3108; x_wconf 86' lang='grc' dir='ltr'><strong>ιιι</strong></span> <span class='ocrx_word' id='word_1_176' title='bbox 314 3030 357 3095; x_wconf 88' lang='lat' dir='ltr'><strong>sit</strong></span> <span class='ocrx_word' id='word_1_177' title='bbox 369 3033 449 3116; x_wconf 78' lang='lat' dir='ltr'><strong>pene</strong></span> <span class='ocrx_word' id='word_1_178' title='bbox 464 3049 545 3106; x_wconf 89' lang='lat' dir='ltr'><strong>unus</strong></span> <span class='ocrx_word' id='word_1_179' title='bbox 567 3049 606 3090; x_wconf 83' lang='lat' dir='ltr'><strong>ox</strong></span> <span class='ocrx_word' id='word_1_180' title='bbox 627 3025 755 3114; x_wconf 81' lang='lat' dir='ltr'><strong>Atticis,</strong></span> <span class='ocrx_word' id='word_1_181' title='bbox 777 3035 814 3090; x_wconf 91' lang='lat' dir='ltr'><strong>ut</strong></span> <span class='ocrx_word' id='word_1_182' title='bbox 831 3026 864 3104; x_wconf 88' lang='lat' dir='ltr'><strong>id</strong></span> <span class='ocrx_word' id='word_1_183' title='bbox 882 3025 976 3102; x_wconf 78' lang='lat' dir='ltr'><strong>etiarn</strong></span> <span class='ocrx_word' id='word_1_184' title='bbox 997 3027 1183 3112; x_wconf 84' lang='lat' dir='ltr'><strong>cognomine</strong></span> <span class='ocrx_word' id='word_1_185' title='bbox 1202 3029 1326 3098; x_wconf 81' lang='lat' dir='ltr'><strong>videa·.</strong></span> 
     </span>
     <span class='ocr_line' id='line_1_23' title="bbox 226 3104 1308 3230; baseline 0 -24"><span class='ocrx_word' id='word_1_186' title='bbox 226 3141 228 3147; x_wconf 78' lang='grc'><strong>’</strong></span> <span class='ocrx_word' id='word_1_187' title='bbox 263 3154 316 3230; x_wconf 88' lang='lat' dir='ltr'><strong>tur</strong></span> <span class='ocrx_word' id='word_1_188' title='bbox 330 3139 417 3206; x_wconf 86' lang='lat' dir='ltr'><strong>habit</strong></span> <span class='ocrx_word' id='word_1_189' title='bbox 404 3150 506 3204; x_wconf 88' lang='lat' dir='ltr'><strong>turus.</strong></span> <span class='ocrx_word' id='word_1_190' title='bbox 550 3137 623 3222; x_wconf 80' lang='lat' dir='ltr'><strong>Ego</strong></span> <span class='ocrx_word' id='word_1_191' title='bbox 647 3147 754 3202; x_wconf 85' lang='lat' dir='ltr'><strong>autem</strong></span> <span class='ocrx_word' id='word_1_192' title='bbox 764 3104 854 3224; x_wconf 88' lang='lat' dir='ltr'><strong>tibi,</strong></span> <span class='ocrx_word' id='word_1_193' title='bbox 873 3137 958 3219; x_wconf 90' lang='lat' dir='ltr'><strong>Piso,</strong></span> <span class='ocrx_word' id='word_1_194' title='bbox 981 3139 1147 3220; x_wconf 82' lang='lat' dir='ltr'><strong>assentior,</strong></span> <span class='ocrx_word' id='word_1_195' title='bbox 1170 3141 1308 3207; x_wconf 80' lang='lat' dir='ltr'><strong>usohon</strong></span> 
     </span>
     <span class='ocr_line' id='line_1_24' title="bbox 264 3248 1327 3338; baseline 0.002 -24"><span class='ocrx_word' id='word_1_196' title='bbox 264 3251 398 3332; x_wconf 84' lang='lat' dir='ltr'><strong>evenire,</strong></span> <span class='ocrx_word' id='word_1_197' title='bbox 427 3261 461 3313; x_wconf 88' lang='lat' dir='ltr'><strong>ut</strong></span> <span class='ocrx_word' id='word_1_198' title='bbox 487 3249 588 3314; x_wconf 84' lang='lat' dir='ltr'><strong>acrius</strong></span> <span class='ocrx_word' id='word_1_199' title='bbox 615 3248 788 3336; x_wconf 80' lang='lat' dir='ltr'><strong>aliquantd</strong></span> <span class='ocrx_word' id='word_1_200' title='bbox 798 3258 830 3312; x_wconf 87' lang='lat' dir='ltr'><strong>et</strong></span> <span class='ocrx_word' id='word_1_201' title='bbox 855 3248 1010 3340; x_wconf 74' lang='lat' dir='ltr'><strong>attentius</strong></span> <span class='ocrx_word' id='word_1_202' title='bbox 1035 3249 1074 3313; x_wconf 84' lang='lat' dir='ltr'><strong>de</strong></span> <span class='ocrx_word' id='word_1_203' title='bbox 1103 3250 1195 3316; x_wconf 75' lang='lat' dir='ltr'><strong>elaris</strong></span> <span class='ocrx_word' id='word_1_204' title='bbox 1220 3251 1327 3338; x_wconf 74' lang='lat' dir='ltr'><strong>viris,</strong></span> 
     </span>
     <span class='ocr_line' id='line_1_25' title="bbox 264 3358 1313 3446; baseline 0 -20"><span class='ocrx_word' id='word_1_205' title='bbox 264 3365 407 3446; x_wconf 76' lang='lat' dir='ltr'><strong>locorum</strong></span> <span class='ocrx_word' id='word_1_206' title='bbox 436 3361 609 3442; x_wconf 88' lang='lat' dir='ltr'><strong>admonitu,</strong></span> <span class='ocrx_word' id='word_1_207' title='bbox 640 3358 827 3444; x_wconf 85' lang='lat' dir='ltr'><strong>cogitemus.</strong></span> <span class='ocrx_word' id='word_1_208' title='bbox 880 3359 950 3426; x_wconf 84' lang='lat' dir='ltr'><strong>Scis</strong></span> <span class='ocrx_word' id='word_1_209' title='bbox 980 3359 1063 3427; x_wconf 86' lang='lat' dir='ltr'><strong>enirn</strong></span> <span class='ocrx_word' id='word_1_210' title='bbox 1092 3381 1144 3424; x_wconf 86' lang='lat' dir='ltr'><strong>me</strong></span> <span class='ocrx_word' id='word_1_211' title='bbox 1172 3360 1313 3444; x_wconf 80' lang='lat' dir='ltr'><strong>quodam</strong></span> 
     </span>
     <span class='ocr_line' id='line_1_26' title="bbox 264 3470 1308 3566; baseline 0 -30"><span class='ocrx_word' id='word_1_212' title='bbox 264 3483 408 3556; x_wconf 86' lang='lat' dir='ltr'><strong>tempore</strong></span> <span class='ocrx_word' id='word_1_213' title='bbox 437 3471 660 3566; x_wconf 85' lang='lat' dir='ltr'><strong>Metapontum</strong></span> <span class='ocrx_word' id='word_1_214' title='bbox 692 3471 812 3540; x_wconf 84' lang='lat' dir='ltr'><strong>venisse</strong></span> <span class='ocrx_word' id='word_1_215' title='bbox 843 3480 960 3550; x_wconf 86' lang='lat' dir='ltr'><strong>tecum,</strong></span> <span class='ocrx_word' id='word_1_216' title='bbox 995 3491 1054 3538; x_wconf 83' lang='lat' dir='ltr'><strong>uec</strong></span> <span class='ocrx_word' id='word_1_217' title='bbox 1082 3471 1121 3534; x_wconf 86' lang='lat' dir='ltr'><strong>ad</strong></span> <span class='ocrx_word' id='word_1_218' title='bbox 1148 3470 1308 3556; x_wconf 82' lang='lat' dir='ltr'><strong>hospitem</strong></span> 
     </span>
     <span class='ocr_line' id='line_1_27' title="bbox 264 3579 1309 3668; baseline -0.001 -21"><span class='ocrx_word' id='word_1_219' title='bbox 264 3588 336 3647; x_wconf 74' lang='lat' dir='ltr'><strong>ante</strong></span> <span class='ocrx_word' id='word_1_220' title='bbox 358 3581 530 3662; x_wconf 87' lang='lat' dir='ltr'><strong>divertisse,</strong></span> <span class='ocrx_word' id='word_1_221' title='bbox 554 3586 647 3668; x_wconf 70' lang='lat' dir='ltr'><strong>quarn</strong></span> <span class='ocrx_word' id='word_1_222' title='bbox 669 3581 856 3667; x_wconf 75' lang='lat' dir='ltr'><strong>Pythagora</strong></span> <span class='ocrx_word' id='word_1_223' title='bbox 875 3582 980 3666; x_wconf 87' lang='lat' dir='ltr'><strong>ipsum</strong></span> <span class='ocrx_word' id='word_1_224' title='bbox 998 3582 1090 3646; x_wconf 90' lang='lat' dir='ltr'><strong>illum</strong></span> <span class='ocrx_word' id='word_1_225' title='bbox 1112 3582 1230 3660; x_wconf 73' lang='lat' dir='ltr'><strong>lotum,</strong></span> <span class='ocrx_word' id='word_1_226' title='bbox 1253 3579 1309 3649; x_wconf 85' lang='lat' dir='ltr'><strong>ubi</strong></span> 
     </span>
     <span class='ocr_line' id='line_1_28' title="bbox 264 3675 1324 3778; baseline -0.002 -20"><span class='ocrx_word' id='word_1_227' title='bbox 264 3675 360 3760; x_wconf 82' lang='lat' dir='ltr'><strong>vitam</strong></span> <span class='ocrx_word' id='word_1_228' title='bbox 385 3693 534 3773; x_wconf 81' lang='lat' dir='ltr'><strong>ediderat,</strong></span> <span class='ocrx_word' id='word_1_229' title='bbox 550 3693 717 3778; x_wconf 87' lang='lat' dir='ltr'><strong>sedemque</strong></span> <span class='ocrx_word' id='word_1_230' title='bbox 740 3687 881 3762; x_wconf 85' lang='lat' dir='ltr'><strong>viderim.</strong></span> <span class='ocrx_word' id='word_1_231' title='bbox 926 3693 1001 3757; x_wconf 86' lang='lat' dir='ltr'><strong>Hoc</strong></span> <span class='ocrx_word' id='word_1_232' title='bbox 1024 3700 1130 3756; x_wconf 85' lang='lat' dir='ltr'><strong>autem</strong></span> <span class='ocrx_word' id='word_1_233' title='bbox 1154 3701 1324 3776; x_wconf 70' lang='lat' dir='ltr'><strong>tempore,</strong></span> 
     </span>
     <span class='ocr_line' id='line_1_29' title="bbox 222 3802 1331 3897; baseline -0.004 -27"><span class='ocrx_word' id='word_1_234' title='bbox 222 3887 224 3892; x_wconf 23' lang='grc' dir='ltr'>Ι</span> <span class='ocrx_word' id='word_1_235' title='bbox 264 3805 325 3891; x_wconf 79' lang='lat' dir='ltr'><strong>etsi</strong></span> <span class='ocrx_word' id='word_1_236' title='bbox 339 3806 441 3894; x_wconf 78' lang='lat' dir='ltr'><strong>multa</strong></span> <span class='ocrx_word' id='word_1_237' title='bbox 455 3802 487 3868; x_wconf 90' lang='lat' dir='ltr'><strong>in</strong></span> <span class='ocrx_word' id='word_1_238' title='bbox 503 3802 589 3866; x_wconf 87' lang='lat' dir='ltr'><strong>omui</strong></span> <span class='ocrx_word' id='word_1_239' title='bbox 613 3803 911 3897; x_wconf 81' lang='lat' dir='ltr'><strong>parte-Athenarum</strong></span> <span class='ocrx_word' id='word_1_240' title='bbox 928 3802 1051 3868; x_wconf 85' lang='lat' dir='ltr'><strong>suntin</strong></span> <span class='ocrx_word' id='word_1_241' title='bbox 1076 3803 1150 3888; x_wconf 85' lang='lat' dir='ltr'><strong>ipsis</strong></span> <span class='ocrx_word' id='word_1_242' title='bbox 1161 3802 1245 3887; x_wconf 60' lang='lat' dir='ltr'><strong>⁸‚loeis</strong></span> <span class='ocrx_word' id='word_1_243' title='bbox 1257 3803 1331 3888; x_wconf 38' lang='lat' dir='ltr'><strong>ing</strong></span> 
     </span>
     <span class='ocr_line' id='line_1_30' title="bbox 264 3897 1331 4012; baseline -0.003 -31"><span class='ocrx_word' id='word_1_244' title='bbox 264 3917 344 4012; x_wconf 76' lang='lat' dir='ltr'><strong>dieia</strong></span> <span class='ocrx_word' id='word_1_245' title='bbox 369 3937 564 4006; x_wconf 74' lang='lat' dir='ltr'><strong>summorum</strong></span> <span class='ocrx_word' id='word_1_246' title='bbox 588 3897 746 3996; x_wconf 81' lang='lat' dir='ltr'><strong>virorum3</strong></span> <span class='ocrx_word' id='word_1_247' title='bbox 770 3922 874 3978; x_wconf 82' lang='lat' dir='ltr'><strong>tamen</strong></span> <span class='ocrx_word' id='word_1_248' title='bbox 889 3936 949 4010; x_wconf 84' lang='lat' dir='ltr'><strong>ego</strong></span> <span class='ocrx_word' id='word_1_249' title='bbox 973 3914 1028 3980; x_wconf 75' lang='lat' dir='ltr'><strong>ille</strong></span> <span class='ocrx_word' id='word_1_250' title='bbox 1042 3935 1171 4006; x_wconf 74' lang='lat' dir='ltr'><strong>moveor</strong></span> <span class='ocrx_word' id='word_1_251' title='bbox 1183 3913 1310 3991; x_wconf 62' lang='lat' dir='ltr'><strong>cient,</strong></span> <span class='ocrx_word' id='word_1_252' title='bbox 1327 3991 1331 4000; x_wconf 92' lang='lat'>.</span> 
     </span>
    </p>

    <p class='ocr_par' dir='ltr' id='par_1_10' title="bbox 286 4016 1000 4124">
     <span class='ocr_line' id='line_1_31' title="bbox 286 4016 1000 4124; baseline -0.003 -16"><span class='ocrx_word' id='word_1_253' title='bbox 286 4017 289 4024; x_wconf 75' lang='grc'><strong>’</strong></span> <span class='ocrx_word' id='word_1_254' title='bbox 394 4016 398 4024; x_wconf 84' lang='grc'>’</span> <span class='ocrx_word' id='word_1_255' title='bbox 569 4048 688 4124; x_wconf 55' lang='lat' dir='ltr'><strong>*stupu</strong></span> <span class='ocrx_word' id='word_1_256' title='bbox 704 4046 805 4124; x_wconf 66' lang='lat' dir='ltr'><strong>mun.</strong></span> <span class='ocrx_word' id='word_1_257' title='bbox 822 4047 1000 4120; x_wconf 46' lang='lat' dir='ltr'><strong>coenata</strong></span> 
     </span>
    </p>
   </div>
   <div class='ocr_carea' id='block_1_6' title="bbox 0 0 1477 4700">
    <p class='ocr_par' dir='ltr' id='par_1_11' title="bbox 0 0 1477 4700">
     <span class='ocr_line' id='line_1_32' title="bbox 0 0 1477 4700; baseline 0 0"><span class='ocrx_word' id='word_1_258' title='bbox 0 0 1477 4700; x_wconf 95' lang='lat' dir='ltr'><strong> </strong></span> 
     </span>
    </p>
   </div>
  </div>
 </body>
</html>
