2932 4700
538 276 777 350 CiCERONE
1132 276 1177 353 ld

134 445 236 549 Modo
263 455 348 556 enim
377 454 438 520 run
473 453 657 533 Carneades,
690 465 785 539 quern
813 447 917 516 videre
945 445 1060 515 videor.
1107 447 1177 516 Est

135 565 219 629 euim
232 573 311 628 nota
334 562 457 648 imago;
480 565 500 626 a
521 563 655 650 sedeque
679 563 757 648 ipsa,
773 561 891 626 tanta
882 560 1000 646 mgenii
1020 559 1178 646 migratu·

136 675 208 740 dine
221 675 345 755 orbati,
357 673 524 739 desiderari
538 673 625 736 illam
639 694 749 737 vocem
763 682 853 757 puto.

176 855 263 922 'l'um
278 852 367 936 Piso,
391 853 548 926 Quoniam
571 855 667 942 igitur
689 857 806 942 aliquid
828 879 949 937 omnes,
973 855 1048 942 quid
1062 855 1180 924 laucius

139 974 268 1033 noster?
298 967 419 1054 inquit:
440 991 479 1032 an
506 961 577 1032 eum
603 971 710 1033 locum
737 970 869 1034 libenter
892 967 1010 1048 invisit,
1035 969 1090 1034 ubi
1112 969 1182 1036 De·

139 1081 322 1146 mosthcncs
339 1087 371 1143 et
385 1075 549 1144 AEschines
564 1080 646 1144 inter
670 1101 703 1143 se
727 1079 885 1146 decertare
900 1078 988 1143 soliti
1001 1081 1098 1144 sunt?
1123 1099 1182 1142 suo

140 1191 222 1256 enirn
247 1191 381 1276 quisque
406 1192 510 1256 studio
533 1192 668 1256 maxime
685 1183 826 1256 ‘duciturss
870 1191 916 1256 Et
932 1191 997 1270 ille,
1022 1191 1096 1254 cum
1111 1211 1182 1254 eru·

138 1299 270 1381 buissel,
298 1297 388 1382 Noli,
412 1299 589 1386 inquit,'ex
612 1325 662 1365 me
686 1323 835 1388 quaerere,
861 1302 915 1386 qui
939 1301 972 1364 in
988 1298 1184 1367 Phalericum

139 1411 232 1476 etiam
248 1411 478 1476 descenderim:
503 1401 567 1497 quo
581 1411 614 1476 in
629 1415 699 1476 loco
715 1413 753 1475 ad
767 1412 898 1477 fluctum
913 1410 999 1476 aiunt
1012 1411 1183 1476 declamare

140 1523 268 1586 solitum
283 1521 545 1603 Demosthenem,
575 1532 609 1586 ut
632 1522 793 1587 fremitum
817 1532 1010 1586 assuesceret
1024 1541 1101 1584 voce
1117 1513 1188 1612 vin-¹

141 1649 219 1695 cere.
264 1629 365 1694 Modo
380 1627 477 1695 etiam
494 1635 672 1717 paullulhm
687 1631 725 1696 ad
749 1613 943 1698 dextram'de
958 1633 1008 1696 vid
1023 1627 1186 1708 declinavi,

142 1753 178 1806 ut
193 1742 232 1806 ad
247 1743 377 1807 Periclis
396 1737 597 1829 sepulchrum
613 1745 802 1810 accederem.
846 1747 1034 1830 Quanquam
1058 1743 1091 1808 id
1114 1740 1186 1829 qui·

142 1850 210 1918 dem
225 1853 386 1918 inlinitum
412 1865 461 1918 est
485 1854 517 1918 in
542 1855 602 1918 hac
624 1857 725 1919 urbe:
745 1857 930 1942 quacunque
945 1854 1029 1917 euim
1050 1851 1185 1938 ingredi·

143 1961 223 2044 mur,
239 1965 272 2028 in
287 1963 423 2050 aliquam
437 1963 601 2030 historiam
616 1965 785 2052 vestigium
799 1965 957 2048 ponimus·
976 2039 979 2044 Ι

161 2171 164 2178 ’
185 2148 273 2212 Tum
288 2147 375 2228 Piso,
390 2149 499 2234 Atqui,
515 2149 636 2229 Cicero,
652 2149 767 2235 inquit,
791 2149 852 2213 ista
874 2147 986 2228 studia,
1003 2149 1030 2212 si
1053 2145 1091 2213 ad
1116 2142 1187 2212 imi*

145 2261 257 2328 landos
272 2259 511 2326 summossviros
527 2269 682 2346 spectant,
696 2257 932 2342 ingeniosorum
948 2263 1039 2321 suut:
1055 2257 1103 2321 sin
1118 2247 1195 2322 tan-³

143 2369 310 2438 tummodd
325 2369 364 2432 ad
388 2369 503 2433 indicia
520 2367 635 2432 veteris
660 2367 820 2432 memoriae
845 2368 1071 2450 cognoscenda,
1087 2368 1190 2433 curio·

144 2501 265 2546 sorum.
307 2479 355 2544 Te
380 2479 674 2546 autem-hortamur
701 2501 825 2558 omnes,
847 2485 1025 2542 currentem
1053 2477 1190 2562 quidem,

143 2601 185 2656 ut
214 2613 317 2676 spero,
346 2598 383 2654 ut
409 2613 475 2670 eos,
502 2613 582 2676 quos
609 2591 735 2656 novisse
750 2571 816 2670 ris,
843 2589 936 2654 etiam
963 2587 1078 2654 imitari
1103 2579 1197 2653 velis.v

143 2703 215 2768 Hic
242 2724 313 2786 ego,
328 2700 401 2766 Etsi
424 2701 500 2766 facit
523 2702 575 2766 hic
599 2701 768 2798 quidem,
760 2723 896 2786 mquam,
922 2699 1007 2781 Piso,
1026 2699 1188 2786 (atrides)

22 2895 23 2902 ἵ
144 2833 196 2892 ea,
225 2833 310 2898 quae
326 2813 490 2898 prae'cipis3
527 2822 633 2876 tamen
661 2812 738 2876 mihi
766 2821 854 2896 grata
886 2821 935 2874 est
960 2810 1097 2892 hortatio
1127 2819 1193 2874 tua.
1278 2833 1282 2836 ·

22 2948 26 2988 ι
144 2922 249 2988 rum
260 2921 329 2988 ille'
340 2923 539 3002 amicissime,
564 2930 601 2986 ut
626 2923 757 3001 solebat,
778 2921 848 2986 Nos
874 2921 958 3000 verb,
982 2900 1097 3005 inquit,
1124 2941 1193 2983 om
1271 2968 1276 2974 .

144 3051 207 3096 nes
221 3035 326 3098 omnia
347 3034 387 3096 ad
402 3031 504 3120 hujus
528 3031 770 3097 adolescentiam
785 3031 1018 3110 conferamus,
1010 3051 1043 3092 ιιι
1067 3027 1193 3113 primis
1198 3018 1201 3038 ²

144 3161 213 3226 que
227 3151 262 3205 ut
285 3142 404 3228 aliquid
427 3165 556 3207 suorum
572 3141 747 3208 studiorum
762 3139 971 3226 philosophiae
993 3161 1119 3226 quoque
1135 3139 1201 3204 im·'

144 3250 286 3340 pertiat3
309 3253 359 3314 vel
375 3261 411 3314 ut
427 3260 458 3315 te
474 3251 624 3332 imitetur,
640 3263 734 3338 quem
749 3262 853 3332 amet3
869 3254 920 3314 vel
935 3259 971 3313 ut
986 3249 1064 3314 illud
1080 3247 1193 3336 ipsum,

147 3360 237 3447 quod
251 3361 369 3442 studet,
384 3363 486 3428 facere
499 3364 601 3448 possit
616 3365 766 3428 omatids.
793 3401 796 3408 ·
811 3363 874 3426 Sed
890 3352 999 3426 utrhm
1023 3348 1204 3456 hortandus

145 3493 186 3536 es
199 3471 302 3552 nobis,
317 3467 409 3553 Luci,
424 3473 541 3559 inquit,
553 3465 600 3537 an
622 3473 716 3537 etiam
737 3477 792 3536 tua
808 3481 920 3557 sponte
935 3452 1120 3558 vpropensus
1135 3495 1168 3537 es
1182 3475 1204 3537 ι’

146 3581 229 3648 mihi
256 3582 384 3668 quidem
403 3583 607 3664 Antiochum,
635 3603 727 3670 quem
753 3583 852 3662 audis,
879 3581 953 3646 satis
968 3584 1058 3648 ‘belle
1085 3583 1197 3649 videris

146 3691 322 3756 attendere.
367 3693 457 3757 'Fum
480 3694 532 3758 ille
549 3694 669 3775 timide,
686 3697 736 3758 rel
761 3693 867 3778 potiris
892 3691 1075 3774 verecunde,
1092 3677 1206 3772 Facio,

147 3803 266 3888 inquit,
282 3801 450 3889 equidem3
475 3805 529 3868 sed
542 3805 694 3870 audistine
720 3803 814 3869 modh
839 3797 1070 3870 decernenda?
1096 3791 1209 3887 rapior

23 4001 24 4020 Χ
149 3912 251 3976 illac.
285 3913 427 3978 Resocat
440 3924 546 3980 autem
556 3915 756 3982 Antiochus.
781 3933 839 3981 nec
854 3925 903 3981 est
925 3925 1088 4002 praterea,
1098 3895 1210 4000 quem*

23 4039 28 4060 ι
149 4021 326 4089 audiamus.
826 4039 829 4046 ’
