2852 4714
479 323 757 392 namucum.
1073 325 1139 391 Ν

94 494 347 587 orqaounraa
369 497 476 583 pac,
501 496 727 582 samariaque
748 495 875 577 cana,
898 473 989 564 anat
1003 497 1138 563 onata

94 612 212 679 onibus
226 609 327 676 anci
340 609 454 688 solito,
468 611 551 691 terro
565 605 746 695 dijudicata
755 633 772 690 3·
788 609 935 693 bellaque
953 629 1020 674 non
1035 606 1139 674 causis

92 722 379 807 iotannprout
399 740 510 786 aarum
532 739 659 784 merces·
675 718 746 784 fuit.
790 717 885 787 Quod
911 717 994 782 baud
1023 705 1151 785 aaran

93 843 156 898 cst.
198 833 274 898 Non
296 827 380 896 anim
401 830 445 894 ibi
468 827 647 897 consistunt
670 831 824 913 exemplo,
851 829 934 892 unde
959 840 1138 914 coepcrunt,

95 944 153 1009 sod
161 941 341 1030 quamlibet
355 941 543 1008 insenum
560 948 687 1024 racopta
706 938 875 1018 tramitem,
898 929 1052 1006 latissima
1066 959 1138 1006 eva-

90 1055 190 1140 gandi
204 1054 265 1120 sibi
278 1053 359 1118 viam
374 1053 513 1132 faciunt;
538 1060 582 1131 et,
597 1049 651 1114 ubi
665 1052 764 1114 semel
779 1060 867 1116 racto
882 1050 1061 1118 deonacum
1077 1062 1145 1134 cst,

95 1164 128 1230 iu
155 1185 297 1250 preceps
324 1162 526 1249 pervenitur3
553 1183 611 1226 nec
637 1161 806 1248 quisquam
834 1161 898 1226 sibi
922 1171 1014 1248 putat
1039 1172 1142 1249 turpe,

96 1272 251 1361 quadani
265 1273 327 1340 fuit
341 1275 555 1362 fructuosum.

101 1557 179 1624 Post
203 1557 451 1622 cataronis
476 1579 514 1620 ac
539 1558 753 1624 Namnasa
776 1557 901 1636 aarum,
923 1555 960 1622 P.
981 1555 1143 1622 Sanoua

476 1667 652 1734 AEsrrunru
667 1690 757 1736 mors.

144 1853 182 1920 P.
199 1854 306 1942 Scipio
327 1856 493 1922 Africanus
517 1855 717 1936 AEmilianus,
738 1855 793 1942 qui
820 1855 1039 1940 Carthaginem
1059 1842 1144 1920 dcle-

103 1978 200 2048 verat,
225 1978 298 2056 post
321 1977 370 2034 tot
393 1961 536 2054 acceptas
561 1968 643 2033 circa
664 1967 870 2032 Numantiam
893 1965 1008 2046 clades,
1024 1975 1146 2032 creatus

102 2076 216 2142 iterum
223 2077 354 2156 Consul,
366 2076 542 2164 missusque
556 2077 591 2142 in
604 2075 803 2162 Hispaniam,
816 2079 951 2142 fortunae
961 2077 1145 2163 virtutique,

105 2196 241 2272 expertae
263 2185 295 2252 in
317 2187 432 2270 Africa,
447 2187 607 2275 respondit
626 2187 659 2252 in
680 2187 856 2274 Hispanib3
880 2199 913 2253 et
932 2189 1014 2254 intra
1031 2177 1150 2256 annuus

106 2318 139 2361 ac
164 2307 229 2364 tres
255 2320 390 2380 menses,
414 2302 508 2384 quam
532 2301 570 2364 eb
594 2309 732 2380 venerat,
755 2297 977 2389 circumdatam
1001 2299 1148 2386 operibus

105 2407 325 2488 Numantiam,
356 2407 554 2494 excisamquc
584 2407 718 2494 aequavit
748 2410 828 2472 solo.
881 2409 952 2472 Nec
981 2409 1147 2494 quisquam

108 2519 203 2584 ullius
218 2519 320 2603 gentis
344 2517 509 2583 hominum
532 2530 606 2582 anto
629 2541 702 2583 curn
726 2518 854 2584 clariore
877 2518 1001 2583 urbium
1027 2517 1149 2582 excidio

107 2631 223 2696 noman
245 2653 338 2696 suum
362 2641 523 2716 perpetuoe
547 2627 776 2696 commendavit
796 2631 966 2694 memoria.
1011 2624 1148 2714 Quippe,

107 2739 209 2805 excisa
224 2740 412 2826 Carthagine
426 2762 462 2805 ac
476 2741 662 2821 Numantia,
678 2743 716 2804 ab
732 2741 859 2806 alterius
875 2763 933 2806 nos
954 2752 1053 2820 metu,
1069 2741 1148 2828 alte·

107 2847 171 2912 rius
203 2848 370 2914 vindicavit
400 2852 614 2917 contumeliis.
659 2851 737 2932 Hic,
761 2875 833 2918 sum
858 2854 1069 2958 interrogante
1052 2852 1149 2919 etri-

109 2959 195 3024 buno
235 2961 387 3042 Carbone,
425 2962 499 3046 quid
531 2963 570 3026 de
613 2962 681 3029 Ta.
719 2963 851 3028 Gracchi
889 2966 969 3028 caede
1000 2949 1152 3055 sentiret?¹

108 3071 278 3158 respondit,
307 3074 334 3136 si
360 3074 388 3136 is
416 3073 598 3155 occupanda
632 3073 803 3158 reipublicae
830 3075 963 3137 anianum
990 3073 1150 3150 habuisset,

99 3177 171 3265 jare
195 3188 314 3248 aaewni.
330 3187 350 3228 i
393 3183 587 3249 Reversus
578 3205 610 3249 rn
639 3187 760 3265 urbem,
785 3184 867 3249 intra
891 3185 985 3247 breve
1011 3161 1150 3281 ternpus,

109 3289 157 3355 M
172 3293 380 3379 Aquiliae
387 3295 586 3381 sempronio,
600 3295 803 3378 Consulibus,
818 3305 891 3384 post
906 3295 985 3358 duos
1003 3295 1150 3384 consula·

107 3405 171 3483 tus,
200 3403 340 3491 duosque¹
355 3405 545 3492 triumphos,
561 3417 592 3471 et
605 3407 653 3471 bis
669 3407 791 3472 excisos
807 3417 941 3472 terrores
961 3403 1153 3491 reipublicae,

111 3520 203 3580 mant
219 3517 251 3580 in
267 3519 385 3582 lectulo
400 3529 542 3602 repertus
558 3528 606 3581 cst
630 3527 783 3598 mortuus,
799 3517 843 3580 ita
868 3527 905 3580 ut
928 3514 1070 3602 quasdam
1094 3513 1152 3578 cli·

112 3643 215 3691 sarum
246 3629 384 3694 faucium
412 3630 445 3694 in
458 3627 593 3694 ,cervice
620 3628 827 3715 reperirentur
855 3638 949 3692 notae.
992 3625 1045 3692 Do
1073 3625 1152 3690 tanti
1213 3681 1214 3684 ,

168 3785 252 3844 *Hic
266 3798 293 3844 et
308 3788 385 3863 apud
396 3787 582 3848 Numantiam
598 3788 694 3847 statim
708 3787 769 3846 cim
784 3785 936 3846 audivisset
949 3785 984 3844 de
996 3784 1075 3842 onitu
1090 3781 1154 3846 Ίῖῠ.

116 3885 248 3958 Gracchi,
269 3889 451 3976 Homericum
465 3892 540 3950 illud
547 3891 670 3968 protulit
682 3915 692 3948 :

304 3995 349 4059 Ὠς
364 3995 478 4055 intacti·
492 3999 535 4053 rai
550 3993 640 4062 ἄλλος,
655 3991 705 4059 ὅτις
718 3991 823 4053 τοιαῦτοί
836 4021 865 4067 pr
879 3993 946 4069 ῥίζαι.

601 4121 673 4179 Min
