2852 4700
294 935 431 1010 Quintius
456 925 649 998 Cincinnatus
675 927 837 999 Dictaturd
858 951 891 994 re
911 914 1075 994 abdicauit.
1117 927 1274 994 lartum.

688 1043 729 1106 U.
747 1042 782 1106 C.
796 1042 871 1106 296.

257 1199 369 1324 .V·ls
393 1249 580 1316 Sabinorum
605 1223 713 1329 iugens
738 1248 837 1329 prope
864 1241 900 1306 ud
928 1240 1047 1306 moenis
1073 1239 1157 1304 urbis
1172 1238 1301 1312 ,infesti

254 1375 465 1464 populatione
480 1371 575 1436 uenit.
620 1367 744 1434 Foedati
770 1365 845 1450 agri,
861 1373 962 1428 terror
986 1361 1120 1448 injectus
1145 1360 1215 1426 urbi
1241 1369 1301 1426 est

260 1487 348 1552 Tum
371 1485 463 1570 plebs
486 1480 622 1564 benigne
651 1499 736 1542 arma
760 1475 855 1560 oepit.
906 1472 1160 1538 Reoiumantibus
1183 1471 1303 1537 frustri

264 1594 409 1672 tribunis,
433 1590 538 1674 magni
563 1589 624 1652 duo
651 1585 806 1649 exereitus
833 1582 951 1670 scripti.
995 1585 1141 1651 Alterum
1164 1583 1304 1648 Nautius

263 1713 373 1768 eontra
385 1699 518 1763 Sabinos
534 1696 644 1776 duxit3
660 1694 832 1780 castrisque
844 1694 883 1757 nd
894 1694 1027 1759 Eretum
1040 1691 1163 1778 positis,
1177 1715 1234 1777 per
1246 1715 1304 1758 ex-

265 1809 439 1898 peditiones
454 1827 574 1892 parvas,
594 1808 779 1892 plerumque
794 1806 954 1870 nocturnis
977 1805 1218 1884 incursionibus,
1233 1811 1305 1870 tan'·

255 1929 331 1984 dum
344 1911 525 1982 vastitatem·
547 1916 579 1980 in
595 1918 712 1982 Sabino
736 1939 811 2002 agro
836 1917 980 1996 reddidit,
995 1927 1044 1998 ut,
1067 1915 1240 2002 computati
1260 1915 1305 1982 ud

265 2043 345 2110 oum,
357 2034 457 2113 ‘prope
471 2027 580 2092 intacti
594 2030 679 2092 bello
694 2028 771 2091 fi'n'es
786 2027 921 2091 Romani
934 2027 1124 2092 viderentur.
1157 2027 1305 2094 Minucio
1399 2099 1401 2104 ¹

266 2141 369 2224 d'eque
382 2141 509 2202 fortuna
523 2159 583 2202 neo
596 2138 642 2200 vis
656 2137 753 2201 animi
767 2137 873 2202 eedem
889 2135 1071 2220 ingerendo
1085 2134 1217 2219 negotio
1232 2138 1304 2206 fuit.

255 2252 352 2318 ·Nnm
374 2271 472 2336 quum
495 2247 579 2314 haud
603 2251 715 2333 procrd
737 2249 775 2311 ab
799 2245 1013 2336 hoste'uoastro
1034 2247 1203 2332 posuisset,
1219 2250 1329 2317 nuiit'
1407 2289 1408 2294 κ

268 2383 458 2447 magnopere
473 2361 560 2427 clude
574 2361 713 2445 uocep'td,
725 2359 833 2423 cestris
849 2380 882 2421 se
897 2357 1025 2444 pavidus
1041 2359 1177 2424 turnebu.
1211 2358 1306 2428 Quod

270 2472 325 2536 ubi
340 2481 504 2536 senserunt
517 2472 636 2553 hostes,
652 2468 749 2534 crevit
763 2493 803 2533 ex
816 2480 903 2534 metu
916 2469 1031 2550 alieno,
1043 2479 1082 2534 ut
1096 2471 1144 2549 fit,
1158 2471 1306 2536 audacio:

271 2591 315 2662 et,
326 2591 420 2646 noete
435 2581 535 2646 adorti
545 2589 661 2658 eastra,
674 2589 843 2666 postquem
856 2583 968 2666 purum
981 2581 1028 2644 vis
1042 2591 1149 2666 apertu
1163 2585 1306 2666 prosecu-

271 2697 331 2769 rut,
345 2691 536 2755 munitiones
557 2700 686 2774 postero
700 2690 751 2754 die
771 2691 976 2756 circumdant·
1018 2692 1099 2761 Qnuo
1123 2691 1307 2778 priusquam

270 2799 409 2884 undique
430 2801 513 2862 vallo
537 2799 662 2886 objecto
684 2801 863 2866 clauderent
886 2803 1001 2882 exitus,
1015 2803 1151 2888 quinque
1174 2805 1308 2890 equites,

270 2910 354 2976 inter
368 2909 516 2972 stationes
539 2909 681 2974 hostium
705 2911 820 2993 emissi,
844 2913 978 2979 Romam
1001 2917 1169 3000 pertulere,
1193 2937 1322 2987 consu,

272 3025 335 3088 lem
361 3020 594 3108 exereitumque
619 3021 763 3086 obsideri.
818 3023 907 3088 Nihil
929 3035 994 3088 tum
1027 3047 1086 3090 uec
1112 3025 1309 3111 inopinatum

271 3155 330 3198 neo
346 3133 537 3218 insperatum
553 3131 690 3196 ocoidere
704 3133 819 3216 potuit.
856 3133 967 3220 Itaque
981 3143 1088 3200 tantus
1095 3125 1311 3220 pavoninum

273 3243 438 3328 trepidatio
460 3244 532 3326 fuit,
554 3235 671 3332 quantu
693 3243 854 3324 si-nrbem,
878 3267 941 3310 non
964 3255 1077 3325 castro,
1098 3247 1207 3312 hostes
1226 3247 1309 3314 obsi-

259 3353 392 3418 derent.
437 3355 591 3419 Nautium
615 3356 779 3418 consulem
802 3365 974 3435 arcessunt,
996 3355 1027 3420 in
1051 3377 1113 3439 quo
1133 3378 1232 3439 quum
1256 3381 1310 3443 pu·

275 3467 345 3530 rum
371 3465 509 3550 praesidii
533 3466 697 3548 videretur,
726 3465 980 3550 dictatoremque.
998 3465 1058 3558 diei
1077 3469 1233 3549 uinceret,
1258 3465 1312 3552 qui

264 3587 341 3642 'rem
365 3577 538 3658 perculsam
563 3575 763 3654 restitueret;
784 3577 823 3640 L.
839 3576 988 3650 Quintius
1005 3577 1214 3652 Cincinnatus
1233 3599 1310 3644 uou-

273 3709 366 3752 sensu
394 3685 532 3748 omnium
561 3686 683 3750 dicitur.
738 3688 854 3770 Operae
880 3686 1015 3770 pretium
1041 3698 1089 3750 cst
1111 3686 1229 3768 audire,
1258 3686 1311 3771 qui

274 3797 379 3860 omniu
394 3817 460 3880 prre
484 3795 597 3857 diuitiis
620 3797 755 3858 humana
778 3806 938 3880 spernunt,
954 3819 1056 3881 neque
1071 3797 1182 3870 honori
1196 3819 1312 3881 magno

275 3908 391 3987 locum,
416 3927 515 3992 neque
539 3905 647 3968 virtuti
671 3889 783 3990 putimt
804 3893 883 3986 osse,
907 3907 965 3970 nisi
988 3909 1041 3970 ubi
1065 3909 1162 3972 effuse
1183 3911 1313 3974 affluunt

274 4037 361 4104 opes.
400 4018 483 4106 Spes
494 4014 586 4084 unicu
600 4014 719 4100 imperii
735 4016 843 4100 popuii
858 4015 992 4080 Romani
1005 4019 1043 4083 L.
1056 4017 1207 4090 Quintius
1223 4026 1311 4090 trane
