2852 4700
282 241 357 310 ma
692 243 912 312 mnium:
1006 319 1009 328 ,

453 690 623 778 Decemviri
636 708 741 776 creati.
777 712 849 784 Lib.
864 681 925 786 lII.
966 713 1007 778 U.
1021 713 1055 777 C.
1070 711 1150 780 303.-

282 883 443 1014 ANNO
468 927 689 1014 trecentesimo
711 929 821 1010 altero,
849 929 942 1014 quam
968 927 1095 995 condita
1116 928 1219 997 Ram
1234 934 1325 1018 ¹emt,

281 1052 394 1134 menum
417 1053 681 1117 mutatur-foma
705 1049 858 1132 civitatia3
886 1052 924 1114 ab
946 1049 1126 1114 consulibus
1140 1049 1180 1112 ad
1193 1049 1338 1125 decem-¹

280 1164 374 1243 viros,
398 1161 659 1249 quemadmodum
677 1163 722 1228 ,ab
744 1161 869 1246 regibus
894 1165 970 1230 ante,
989 1161 1028 1226 ad
1053 1163 1200 1244 consules
1221 1182 1322 1248 vene-

196 1354 199 1358 ·
279 1283 339 1354 rat,
355 1274 505 1338 translato
520 1271 664 1358 imperio.
708 1271 821 1348 Minius
836 1269 980 1354 insignis,
996 1269 1069 1356 quia
1089 1292 1153 1358 non
1173 1263 1323 1358 dlutuma

279 1385 415 1460 mutatio
430 1384 515 1466 fuit;
540 1387 614 1448 laeta
637 1381 720 1448 enim
741 1381 894 1468 principia
917 1381 1117 1468 magistratus
1138 1381 1321 1469 ejusnimis

279 1497 485 1570 luxuriavere.
530 1495 581 1576 Eo
596 1493 689 1558 citius
711 1495 798 1578 lapsa
812 1514 859 1556 res
876 1501 945 1574 est3
970 1491 1213 1578 repetitumque,
1237 1491 1320 1558 duo-

279 1609 339 1672 bus
354 1609 404 1671 utl
427 1604 623 1680 mandaretur
642 1602 809 1666 consulum
829 1623 944 1664 nomen
965 1600 1222 1690 imperiumque.
1247 1601 1318 1668 De-

279 1714 408 1780 cemviri
423 1711 528 1792 creati,
552 1714 613 1797 Ap.
630 1712 792 1790 Claudius,
815 1711 856 1778 T.
878 1711 1050 1794 Genucius,
1074 1713 1111 1778 P.
1128 1714 1263 1793 Sestius,
1279 1715 1317 1778 1..

279 1825 440 1904 Veturius,
464 1827 501 1891 C.
514 1825 633 1905 Julius,
655 1827 695 1890 A.
712 1823 864 1904 Manlius,
880 1825 948 1889 Ser.
965 1823 1137 1910 Sulpicius,
1153 1823 1190 1890 P.
1207 1825 1316 1910 Curia-

280 1934 354 2016 tius,
378 1935 417 2000 Τ.
439 1935 608 2014 Romilius,
635 1937 694 2020 Sp.
715 1933 909 1998 Postumius.
954 1933 1086 1998 Claudio
1108 1943 1139 1996 et
1161 1932 1315 2014 Genucio,

279 2043 353 2132 quia
372 2044 525 2128 designati
545 2025 690 2128 consules
710 2045 743 2108 in
758 2067 830 2108 eum
844 2063 964 2110 annum
976 2046 1110 2126 fuerant,
1133 2067 1193 2128 pro
1214 2045 1314 2108 hono-

279 2176 313 2218 re
327 2155 426 2220 honor
441 2155 599 2238 redditus,
623 2164 655 2232 et
670 2154 786 2237 Sestio,
809 2154 900 2220 alteri
920 2156 1087 2218 consulum
1102 2153 1215 2238 prioris
1235 2151 1314 2230 anni,

278 2265 364 2352 qudd
388 2287 458 2332 eam
481 2289 547 2332 rem
576 2268 700 2352 collega
725 2265 890 2352 invitoflad
918 2263 1026 2330 Patres
1050 2266 1210 2330 retulerat.
1248 2263 1321 2352 llis.

278 2375 527 2464 prosimilegati
542 2387 606 2442 tres
623 2376 731 2456 habiti,
747 2376 802 2462 qui
817 2375 956 2441 Athenas
972 2379 1084 2456 lerant,
1100 2373 1194 2440 simul
1211 2385 1246 2440 ut
1259 2396 1312 2462 pro

275 2485 434 2570 ,legatione
449 2495 513 2558 tam
529 2485 702 2572 longinqua¹
721 2485 851 2572 praemio
871 2495 955 2551 esset
974 2485 1076 2553 honos
1086 2509 1098 2568 3
1122 2485 1220 2566 simul
1234 2485 1312 2572 peri·

279 2606 328 2661 tos
345 2599 455 2680 legum
481 2595 714 2680 peregrinarum
738 2596 777 2660 ad
797 2596 957 2660 condenda
979 2619 1060 2672 nova
1076 2595 1151 2684 jura
1164 2597 1235 2670 usui
1248 2599 1311 2674 fore

280 2706 457 2788 caedebant.
480 2778 485 2788 ,
502 2707 696 2790 supplevere
710 2707 818 2786 caeteci
832 2729 1012 2791 numerum.
1057 2708 1175 2798 Graves
1191 2727 1310 2797 quoque

277 2824 374 2884 aetate
388 2818 506 2880 electos
525 2818 702 2884 novissimis
723 2818 878 2904 suffsagiis
898 2821 1013 2899 ferunt,
1035 2821 1098 2906 qud
1115 2819 1310 2898 minuatam-

279 2926 356 2994 citer
381 2927 515 3002 aliorum
539 2929 624 2992 scitis
650 2928 896 2994 adversarentur.
920 2929 1095 3016 ¹Regittieu
1121 2930 1218 3022 totius
1246 2949 1308 3002 ma·

276 3038 426 3122 gistratus
442 3059 536 3122 penes
553 3039 690 3123 Appium
712 3048 789 3119 erat,
809 3042 914 3104 favore
934 3040 1047 3124 plebis.
1091 3041 1240 3128 Adeoque
1254 3059 1310 3104 no-

277 3171 352 3232 uum
367 3149 428 3212 sibi
453 3147 614 3232 ingenium
629 3148 782 3228 induerat,
799 3158 835 3212 ut
854 3150 1171 3236 plebicola-repente,
1197 3147 1324 3240 omnis-¹

276 3281 337 3342 que
361 3281 443 3322 aurae
463 3258 622 3344 popularis
645 3268 787 3347 captator
809 3259 962 3342 evaderet,
983 3283 1041 3346 pro
1064 3262 1146 3338 truci
1166 3279 1307 3350 sanoque

276 3367 464 3432 insectatore
480 3371 594 3454 plebis.
637 3369 773 3435 Decimo
794 3370 844 3434 die
864 3368 919 3455 jus
938 3373 1058 3456 populo
1073 3355 1189 3455 singuli
1205 3369 1305 3434 redde·

275 3480 362 3542 bant.
412 3477 463 3540 Eo
493 3479 544 3543 die
572 3485 669 3564 penes
700 3482 883 3564 praefectum
911 3478 991 3568 juris
1022 3483 1122 3564 fasces
1148 3478 1306 3546 duodecim

271 3597 386 3672 erant:
414 3588 544 3676 collegis
560 3611 674 3654 novem
696 3591 811 3674 singoli
831 3590 954 3666 accensi
974 3595 1172 3676 apparebant.
1202 3588 1306 3670 ¹Et-in

276 3697 366 3772 unica
382 3700 548 3764 eoncordia
573 3701 655 3766 inter
677 3701 762 3786 ipsos
788 3700 857 3786 (qui
875 3721 1046 3764 consensus
1067 3701 1195 3787 privatis
1216 3702 1306 3766 inter·

273 3809 358 3884 dum:
368 3810 490 3879 inmilis
506 3813 601 3894 essct)
620 3833 743 3876 suuima
758 3811 903 3884 adversus
918 3811 995 3876 alios
1011 3811 1143 3897 aequitas
1158 3821 1235 3878 erat.
