2852 4714
485 293 765 392 asmncono.
1084 297 1156 391 379

106 479 146 539 tu
172 467 343 556 Hispanias
365 463 424 540 sibi
443 467 568 536 decerni
590 472 743 552 voluerat,
765 491 880 558 easque
903 493 959 558 per
979 470 1149 538 triennium
1197 550 1199 556 ‚

106 583 222 646 absens
237 581 303 666 ipse
317 601 353 644 ac
374 579 541 666 praesidens
566 582 647 662 urbi,
669 603 725 668 per
744 582 914 672 ¹Afranium
934 592 967 648 ct
981 582 1152 664 Petreium,

106 693 308 758 consularem
323 712 359 756 ac
373 691 569 780 praetorium,
591 693 714 776 legatos
730 712 818 772 snos,
839 690 1095 758 administrabat:
1119 703 1155 759 91

107 803 160 896 iis,
175 797 264 886 97911
286 798 409 874 cesare
432 799 637 866 dimittendos
659 801 814 866 exercitus
830 801 1074 884 contendebant,
1100 803 1154 868 ad-

108 911 390 994 99919191997119,
412 932 468 1011 qni
458 910 544 974 ''ab
536 932 605 998 rpso
620 931 759 998 quoqne,
774 912 1002 978 adversabatur
1047 911 1154 982 Qui
1128 936 1157 978 99

108 1033 183 1088 ante
195 1021 358 1088 biennium
382 1025 477 1108 quim
498 1021 636 1110 99199999
659 1022 741 1086 itum
765 1033 824 1100 est,
846 1020 993 1108 perfectis
1015 1020 1154 1116 9999991-

110 1138 171 1200 199
196 1133 311 1200 theatri
335 1141 367 1198 et
387 1131 522 1202 aliorum
545 1153 688 1220 operum,
710 1153 782 1218 quae
798 1131 826 1196 ei
848 1107 1063 1216 circumdedit,
1084 1153 1156 1218 gra·

112 1243 243 1309 91991991
257 1254 395 1309 tentatus
414 1242 592 1308 valetudine
614 1241 831 1308 decessisset‘
823 1265 856 1307 m
871 1243 1051 1328 Campanit‚
1077 1247 1153 1329 (qno

110 1353 239 1440 quidem
255 1363 396 1444 tempore
410 1352 554 1418 universa
569 1351 660 1418 ltalia
674 1362 749 1416 vota
762 1370 821 1438 pro
837 1355 938 1418 salute
953 1351 1036 1440 ejus,
1050 1353 1157 1440 primb

113 1466 258 1530 omnium
271 1443 398 1544 civium,
406 1462 570 1549 suscepit,)
587 1455 883 1526 19191999119919999
895 1463 1075 1528 destruendi
1088 1463 1116 1550 ej
1122 1485 1157 1527 ns

112 1579 227 1656 loens;
258 1585 301 1654 91,
328 1593 424 1660 qnam
449 1571 534 1658 opud
561 1593 691 1656 superos
720 1572 871 1636 habuerat
897 1569 1157 1656 magnitudinem,

114 1685 269 1776 illibatam
284 1684 451 1750 detulisset
463 1681 503 1748 ad
517 1682 645 1750 inferos.

134 1869 255 1956 'Reno
279 1899 386 1956 antem
411 1890 508 1986 919111,
535 1899 568 1958 91
584 1899 654 1974 ¹tot,
682 1913 755 1980 qnae
777 1893 888 1960 deinde
911 1918 966 1982 per
991 1898 1161 1966 continuos

115 2022 165 2070 xx
194 2022 292 2068 annos
316 2012 484 2068 consecuta
508 2013 594 2086 sunt,
616 2005 719 2086 malis,
741 2029 805 2072 non
831 2009 910 2074 alius
933 2008 1084 2098 majorem
1107 2011 1167 2076 119.

114 2113 377 2205 grantioremque,
393 2116 487 2200 quam
503 2114 541 2178 C.
557 2113 667 2213 Curio,
683 2117 756 2184 trib.
778 2120 863 2204 pleb.
885 2118 1019 2208 subjecit
1040 2123 1161 2208 facem:

115 2223 162 2313 9719
187 2223 311 2303 nobilis,
327 2225 490 2326 eloquens,
506 2223 617 2305 audax,
633 2247 700 2290 suae
723 2227 899 2314 alienaque
921 2240 954 2298 et
974 2233 1109 2298 fortunae
1130 2242 1164 2298 et

117 2335 282 2424 pudicitia
301 2335 466 2427 prodigus,
490 2335 587 2432 homo
616 2336 868 2434 ingeniosissime
898 2361 1044 2424 acquam,
1060 2351 1094 2406 et
1119 2343 1165 2406 fa·

116 2440 242 2534 condus
268 2449 351 2524 malo
378 2445 527 2535 publico:
550 2444 654 2546 cnjus
671 2446 787 2528 animo,
810 2450 1026 2544 voluptatibus
1050 2453 1100 2514 vel
1126 2451 1165 2528 11-

120 2538 293 2658 1191191191,
323 2579 436 2644 999799
451 2578 527 2641 opes
558 2535 654 2638 91199,
667 2581 770 2644 neqne
791 2559 990 2648 cupiditates,
1021 2563 1162 2628 sufficere

116 2673 285 2758 possent.
303 2665 369 2744 Hic
381 2667 485 2756 primo
500 2688 558 2752 pro
575 2667 716 2766 Pompeii
731 2669 884 2770 partibus,
900 2669 932 2769 id
952 2680 1012 2750 est,
1029 2680 1066 2742 nt
1086 2681 1163 2738 tnnc

117 2778 301 2900 1791919199,
316 2800 373 2864 pro
389 2779 560 2882 9979911191,
576 2801 652 2842 mox
660 2764 867 2877 simulatione
881 2790 993 2846 contra
1016 2768 1166 2871 Pompei·

117 2875 221 2976 umet
238 2872 403 2970 Caesarem,
420 2890 475 2957 sed
499 2891 604 2966 animo
625 2913 686 2978 pro
711 2891 835 2958 caesare
859 2890 959 2987 stetit.
1003 2891 1040 2956 ld
1058 2890 1168 2978 gratis,

118 3023 160 3065 99
176 3008 310 3086 99997919
325 2999 445 3065 centies
462 2999 534 3081 HS,
550 3001 670 3081 fecerit,
687 2983 725 3064 ut
737 3001 927 3088 accepimns,
944 3001 976 3068 19
991 3001 1095 3066 medio
1116 3025 1166 3066 rc·

116 3109 313 3199 linquemus
347 3107 399 3174 Ad
411 3109 569 3190 ultimum,
585 3111 803 3186 saluberrimas
818 3119 851 3174 91
865 3114 1099 3185 coalescentes
1091 3131 1169 3174 con-

117 3213 259 3288 ditiones
273 3217 372 3302 pacis,
387 3239 465 3303 quas
481 3229 514 3282 et
530 3220 637 3294 Cesar
648 3219 829 3306 justissimo
851 3219 956 3296 animo
976 3222 1169 3314 postulabat,

116 3328 343 3412 etPompeins
359 3351 451 3414 aequo
465 3315 647 3416 recipiebat,
664 3329 813 3396 discussit
827 3353 863 3396 ae
879 3331 986 3415 9979117
1009 3331 1102 3396 unice
1118 3353 1170 3398 ca-
1199 3411 1203 3420 Ι

116 3449 216 3532 sente
232 3439 384 3513 Cicerone
399 3441 578 3508 9999991199
593 3442 746 3528 publicae.

168 3647 306 3713 Lentulo
321 3659 354 3714 et
377 3647 532 3716 Marcello
557 3633 650 3716 Coss.
665 3660 738 3741 post
762 3655 872 3718 urbem
897 3652 1058 3732 conditam¹
1083 3652 1172 3719 annis

120 3779 240 3839 9999999,
262 3758 380 3824 bellum
403 3761 493 3826 civile
513 3761 638 3827 exarsit.
685 3761 826 3828 Alterius
848 3763 937 3828 919919
954 3785 1047 3828 cansa
1060 3761 1173 3828 melior

122 3867 526 3954 9191919191,111991999991
547 3871 674 3936 firmior.
720 3874 768 3937 Η
770 3895 787 3935 9
811 3871 918 3934 omnia
939 3868 1173 3956 979991999,11119

117 3961 272 4044 1991999119
325 3977 508 4066 Pompeium
536 3986 664 4047 senatus
695 3981 876 4064 auctoritas,
904 3981 1061 4047 Caesarem
1091 3978 1174 4044 mili-
