2932 4700
525 307 529 314 ⁴
555 305 793 418 crcuuouu.
1145 349 1190 428 ιι

144 517 256 608 p'opuli
287 515 408 602 motus,
437 520 582 608 judicum
618 523 798 608 religiones,
830 527 956 588 senatus
993 524 1189 609 gravitatem,

146 629 239 695 unius
268 633 412 698 oratione
441 615 604 700 converti?
636 636 722 704 Quid
748 639 841 722 porro
871 647 935 702 tam
962 635 1092 720 regium,
1123 646 1186 705 tam

148 739 285 824 liberale,
316 753 381 806 tam
404 743 601 825 munificum,
630 749 727 832 quam
755 769 846 832 opem
876 749 955 815 ferre
981 731 1188 836 supplicibus,

147 845 279 945 excitare
301 852 445 932 afflictos,
467 853 538 916 dare
561 858 705 938 salutem,
727 858 856 922 liberare
876 859 1034 944 periculis,
1053 857 1189 924 retinere

145 935 323 1056 bbmines'
313 984 347 1025 m
370 962 517 1028 civitate?
543 963 628 1040 Quid
647 976 753 1030 autem
774 977 837 1032 tam
853 966 1072 1050 necessarium,
1093 971 1190 1053 quim

145 1047 251 1176 tepere
266 1063 390 1165 semp'er
404 1093 499 1155 arrna,
521 1051 648 1174 quibus
655 1078 705 1144 vel
721 1078 853 1144 tectus
844 1100 933 1166 ipse
925 1100 1001 1148 esse
1008 1079 1130 1164 poesis,
1134 1082 1186 1149 vel

144 1159 316 1284 provocare
331 1182 501 1284 improbos,
514 1169 564 1247 vel
580 1195 613 1247 te
626 1185 737 1280 ulcisci
751 1186 939 1278 lacessitus?
962 1189 1031 1272 Age
1046 1189 1130 1268 verb,
1146 1209 1187 1254 ne

145 1313 270 1402 semper
283 1281 400 1374 lorum,
415 1294 573 1374 subsellia,
589 1304 699 1376 rostra,
721 1296 902 1380 curiamque
917 1296 1087 1376 ιιιειίἱιειὶε,
1112 1295 1188 1381 quid

147 1423 214 1466 esse
228 1394 338 1487 potest
351 1401 384 1464 in
400 1402 467 1465 otio
481 1411 536 1466 aut
552 1401 736 1494 jucundius,
760 1415 815 1468 aut
837 1407 933 1488 magis
953 1405 1112 1490 proprium
1126 1407 1187 1471 hu

147 1504 318 1592 munitatis,
344 1497 437 1596 quam
463 1532 565 1575 sermo
580 1512 713 1594 facetus,
731 1533 767 1576 ae
781 1511 893 1578 nulli
884 1533 917 1575 m
931 1535 964 1576 re
977 1513 1088 1578 rudis?
1113 1517 1187 1602 Hbc

147 1609 231 1686 eriim
246 1644 310 1686 uno
330 1631 514 1714 praestamus
535 1625 585 1686 vel
607 1622 742 1718 maxime
763 1622 848 1703 feris,
872 1621 955 1708 qubd
977 1623 1189 1708 colloquimur

148 1727 328 1816 internos,
358 1731 390 1796 et
404 1731 501 1824 vqubd
530 1732 701 1815 exprimere
730 1731 860 1798 dicendo
888 1753 979 1826 sensa
1005 1753 1186 1818 possumus.
1240 1749 1243 1758 ’

145 1829 361 1913 Quamobrem
376 1833 445 1928 quis
465 1827 527 1906 hoc
547 1865 611 1906 non
631 1841 704 1928 jure
726 1842 869 1922 miretur,
893 1849 1079 1930 summeque
1101 1843 1199 1924 ineo¹

146 1953 370 2017 elaborandum
394 1973 462 2015 esse
485 1951 663 2032 arbitretur,
688 1962 724 2015 ut
748 1973 811 2038 quo
833 1975 898 2017 ιιιιο
919 1953 1062 2018 homines
1086 1952 1186 2018 maxi·

145 2069 195 2129 me
218 2063 330 2128 bestiis
338 2071 517 2168 praestent,
544 2061 576 2128 iu
601 2063 662 2126 hoc
685 2061 901 2130 homiuibus
891 2064 966 2150 ipsis
992 2065 1185 2132 antecellat?

146 2163 193 2239 Ut
206 2173 305 2260 verb
294 2163 361 2260 Jam
386 2174 423 2236 ad
444 2173 499 2236 illa
521 2193 644 2237 summa
664 2173 834 2264 veniamus,
858 2195 929 2260 quaa
949 2172 995 2238 vie
1008 2173 1069 2241 alia
1080 2173 1200 2260 potuit»

145 2274 201 2348 aut
223 2273 383 2390 dispersos
405 2275 549 2348 hbmines
573 2305 668 2346 unum
688 2281 721 2346 in
744 2285 850 2348 locum
874 2305 1073 2369 congregare,
1093 2287 1189 2352 auti

148 2383 218 2459 fert
228 2395 405 2483 agrestique
420 2394 485 2458 vitu
504 2393 646 2458 adhunc
666 2363 839 2458 humanum
860 2395 982 2459 cultum
1004 2394 1190 2478 civilemque

147 2505 311 2596 deducere,
323 2515 389 2588 aut,
398 2503 465 2591 jam
478 2502 660 2570 constitutis
672 2502 861 2598 civitatibus,
871 2505 968 2587 leges,
978 2501 1107 2589 judicia,
1117 2503 1192 2590 jure

147 2604 343 2682 describere?
380 2616 438 2693 Ae,
452 2635 512 2700 pne,
526 2615 627 2698 plura,
651 2635 722 2700 quae
746 2621 820 2678 sunt
838 2615 920 2698 pene
940 2611 1190 2694 innumerabilia,

146 2715 321 2834 comecteq
341 2724 601 2812 comprehendam
621 2723 725 2788 brevit
730 2723 808 2808 Sic
822 2724 905 2788 enim
920 2731 1037 2804 statuo,
1057 2725 1193 2810 perlecti

146 2826 279 2900 oratoris
306 2833 519 2908 moderatione
540 2841 573 2899 et
591 2797 752 2926 sapieutib,
776 2854 842 2898 nou
856 2835 985 2899 soldm'
976 2835 1073 2920 ipsius
1088 2835 1189 2935 &gab

146 2956 257 3028 tatem,
273 2927 376 3011 sedet
389 2943 581 3041 privatorum
599 2941 822 3028 plurimorum,
843 2951 876 3008 et
895 2943 1048 3014 universa
1063 2947 1190 3030 reipub·

146 3049 218 3118 licre
242 3035 377 3118 salutem
397 3052 533 3118 maxime
557 3052 722 3148 contineri.
766 3053 980 3122 Quamobrem
999 3055 1133 3160 pergite,
1152 3065 1191 3122 ut

145 3161 269 3248 facitis,
273 3141 513 3242 adolescentes3
525 3161 679 3262 atquem
693 3161 725 3229 id
740 3161 921 3243 studium,
911 3185 1023 3250 raquo
1039 3162 1150 3245 estis,·'
1141 3185 1189 3231 ιιι

145 3267 306 3365 curubite·
295 3323 307 3356 ,
334 3284 371 3336 ut
386 3283 418 3336 et
433 3273 520 3374 vobis
536 3272 662 3374 honori,
684 3281 716 3339 et
730 3270 837 3336 amicis
854 3269 995 3366 utilitati,
1017 3279 1049 3338 ct
1063 3272 1189 3378 reipub
1201 3321 1203 3330 s

140 3385 216 3498 lieae'
232 3383 451 3450 emolumento
463 3365 532 3454 esse
546 3379 699 3482 P9⁵3ffl⁸2
758 3449 761 3456 Δ
794 3471 796 3476 Α
