2852 4700
491 380 545 444 m
565 379 698 446 aruo.
1053 361 1114 444 ros
1230 483 1233 492 ‚

80 553 225 635 Tiberim,
247 563 357 638 eontra
370 553 562 637 eum-ipsum
573 554 695 634 locum,
710 550 764 616 ubi
785 572 870 616 nanc
892 549 1012 616 naualia
1025 559 1113 634 sunt,

81 677 210 752 quatuor
221 663 371 752 jugerum
385 665 508 729 colebat
522 667 643 748 agrum,
659 669 731 750 quai
740 673 835 748 ,prata
846 662 979 732 Quintia
988 673 1113 730 vocant-

81 799 125 842 ur.
147 778 195 842 lbi
206 779 245 840 ab
256 775 378 860 legatis,
388 796 444 840 scu
455 776 571 838 fossam
582 773 705 838 fodiens
713 776 793 858 palm
804 772 1115 860 iunixus,seuquum

81 898 185 967 araret,
200 887 288 972 operi
297 886 448 978 ⁴ccertbid
471 885 557 972 quod
571 895 704 966 constat,
716 887 832 970 agresti
846 887 1001 966 intentus,
1017 887 1117 950 salute

82 996 147 1060 data
161 998 295 1062 invicem
309 995 502 1083 redditique,
514 1006 653 1080 rogatus,
664 1005 699 1058 at
713 994 810 1080 (qaod
824 999 896 1060 bene
908 1005 1036 1060 uerteret
1048 994 1117 1077 ἱροὶ,
1196 1037 1198 1044 1

81 1109 174 1194 reique
185 1107 330 1193 publice)
346 1117 470 1192 togatus
483 1107 630 1169 mundato
644 1107 768 1168 oenotris
783 1105 902 1168 audiret
909 1129 923 1180 ,·
937 1104 1117 1184 admiratus,

83 1202 286 1306 rogitansque,
302 1219 393 1284 sotia’
409 1207 497 1282 suiad
512 1217 724 1280 esscatomnio
735 1211 752 1276 9
762 1223 872 1298 togam
887 1218 1019 1298 propere
1034 1219 1117 1280 etu-

84 1330 167 1412 gurio
181 1331 320 1414 proferre
338 1349 466 1394 uxorem
479 1326 631 1390 Raciliam
645 1325 747 1411 jubet.
777 1325 850 1392 Qua
861 1325 965 1403 simul,
977 1327 1117 1390 absterso

85 1443 206 1524 puluere
221 1459 257 1504 ac
274 1437 402 1518 sudore,·
413 1439 534 1501 velatus
549 1434 719 1520 processit3
743 1427 927 1498 dictatorern
942 1457 1014 1499 eum
1027 1436 1121 1520 legati

86 1553 270 1631 gratulantes
285 1537 506 1613 consalutant:
529 1546 560 1610 in
576 1547 686 1610 urbem
700 1555 835 1610 vocant:
852 1537 1020 1630 qui‘terror
1034 1546 1075 1609 sit
1090 1542 1120 1610 in

89 1659 239 1739 exercitu,
259 1668 435 1744 exponunt.
487 1657 584 1722 Navis
609 1657 742 1726 Quintio
765 1657 891 1742 publice
912 1667 1020 1742 parata
1041 1658 1123 1740 fuit;

88 1776 355 1855 transvectumque
379 1777 442 1833 tres
465 1769 589 1832 obviarn
614 1761 730 1852 egressi
754 1767 809 1831 filii
832 1767 1002 1854 excipiunt.
1047 1769 1123 1834 Inde
1230 1797 1235 1806 ·

88 1879 136 1940 alii
155 1879 438 1964 propinqui·atque
459 1867 652 1957 amicijtum
671 1877 799 1942 Petrum
819 1876 920 1964 major
939 1901 1029 1964 pars.⁴
1072 1881 1121 1944 Ea

90 1987 257 2071 frequentid
280 1989 425 2073 stipatus,
442 1986 697 2053 antecedentibus
723 1988 886 2064 lictoribus
908 1989 1058 2054 deductus
1073 2003 1122 2056 est

91 2096 230 2181 domum3
253 2109 286 2163 at
298 2099 408 2184 plebis
424 2120 593 2164 concursus
617 2099 726 2184 ingens
752 2101 833 2165 fuit·
869 2102 932 2166 Sed
947 2123 984 2166 ea
1003 2104 1120 2190 nequa-

92 2229 177 2292 quam
199 2219 262 2274 bom
285 2199 359 2273 taeta
373 2206 547 2278 Quintium*
556 2201 634 2273 vidit
647 2235 656 2291 3
679 2222 712 2276 et
734 2211 857 2296 imperii
872 2213 1014 2294 nimium,
1029 2223 1061 2277 et
1074 2214 1121 2278 vi-

92 2335 156 2380 rum
170 2319 199 2382 in
214 2320 288 2405 ips'o-
310 2319 443 2403 imperio
458 2319 723 2384 vehementiorem
737 2332 813 2386 rata.
857 2321 901 2386 Et
925 2323 980 2390 illa
993 2325 1120 2410 quidem

91 2437 175 2492 nocte
188 2430 266 2498 nihil
282 2439 492 2516 praetcrquam
507 2431 671 2515 vigilatum
686 2443 736 2495 est
751 2433 783 2496 in
798 2435 885 2498 urbe.

130 2636 257 2704 Postero
270 2639 319 2738 die
334 2640 478 2722 dictator,
490 2663 589 2727 quum
604 2653 676 2707 ante
691 2644 796 2708 lucem
813 2644 845 2710 in
861 2647 964 2711 forum
976 2644 1123 2726 venisset,

92 2747 264 2829 magistrum
288 2751 431 2838 equitum
464 2750 538 2816 dicit
560 2755 599 2818 L.
619 2753 818 2840 Tarquitium
842 2757 981 2842 patricia
1006 2756 1121 2842 gentis,

96 2857 144 2920 sed
157 2858 218 2944 qui,
234 2881 332 2946 quum
347 2861 502 2948 stipendia
515 2862 644 2948 pedibus
659 2876 787 2950 propter
802 2877 1012 2950 paupertatem
1029 2867 1123 2932 secis-

95 2973 242 3046 seu-beno
257 2981 362 3046 tamen
374 2974 495 3058 primus
518 2974 612 3068 longa
628 2973 781 3039 Romania
803 2975 979 3062 juventutis
999 2978 1123 3042 habitus

97 3091 181 3146 esset.
222 3083 305 3147 Cum
331 3085 480 3168 magistro
506 3086 648 3169 equitum
664 3085 695 3149 in
712 3086 894 3150 concionem
911 3087 1006 3167 venit,
1028 3087 1124 3173 justi-

97 3185 168 3254 tium
182 3194 285 3275 edicit,
307 3195 408 3260 claudi
433 3197 575 3259 tabernas
591 3201 658 3259 tota
685 3199 759 3260 urbe
779 3195 883 3282 jubet,
905 3205 989 3258 vetat
1015 3217 1123 3280 quem-

98 3319 182 3381 quam
195 3303 323 3386 privam
339 3301 509 3388 quidquam
523 3303 568 3367 rei
582 3325 682 3387 agere.
726 3297 830 3383 Tum‚'
839 3302 1016 3390 quicunque
1032 3315 1122 3372 atate

99 3409 217 3476 militari
228 3423 346 3491 essentf
362 3415 482 3493 armati,
497 3411 568 3478 curri
585 3414 705 3479 cibariis
722 3415 753 3479 in
769 3415 835 3480 dies
859 3415 997 3502 quinque
1013 3419 1122 3499 coctis,

98 3517 239 3606 vallisque
263 3521 425 3602 duodenis,
453 3532 526 3586 ante
551 3523 625 3588 solis
651 3545 796 3588 occasum
822 3525 940 3590 Martio
965 3527 996 3590 in
1011 3551 1123 3614 carupp

99 3626 250 3694 adessent:
274 3629 387 3714 quibus
402 3642 476 3700 atas
500 3632 539 3696 ad
565 3633 763 3700 militandum
776 3637 898 3719 gravior
912 3649 1005 3718 essct,
1020 3640 1122 3704 vicino
1161 3675 1164 3684 ‚

100 3735 195 3817 tuditi,
209 3739 284 3802 dum
301 3739 428 3810 isarna
447 3755 579 3825 pararet,
596 3747 773 3831 vallumque
787 3757 917 3832 peteret,
933 3750 1048 3814 cibaria
1069 3771 1123 3812 co

98 3865 182 3926 quere
191 3847 299 3932 jussit.
344 3852 398 3916 Sic
419 3851 569 3938 juventus
591 3857 734 3922 discurrit
757 3860 924 3925 advallum
941 3859 1123 3945 petendum.

98 3955 257 4042 Sumpsdre
283 3961 365 4026 uodc
392 3964 505 4050 cuique
527 3966 704 4050 proximum
729 3969 810 4034 fuit:
834 3969 1008 4054 prohibitus
1028 3987 1124 4030 neruo

98 4076 160 4136 eus
182 4068 374 4158 impigreque
389 4094 497 4138 omnes
512 4075 550 4143 ad
564 4075 702 4144 edictum
719 4063 878 4145 dictatoris
894 4079 1009 4162 praestb
1023 4078 1122 4148 fuero.
