2862 4710
371 913 616 980 Anouurunusr
631 917 741 985 Emer.
756 917 848 986 XV1·.
864 919 937 986 Lib.
952 919 992 986 V.
1007 921 1047 986 sd
1061 924 1170 992 FAM.
1266 990 1269 1002 ,

250 1101 430 1176 Consolatio
443 1113 582 1194 umimm,
596 1117 707 1180 obitum
723 1117 880 1199 liberorum
895 1117 1118 1186 immoderatius
1124 1119 1290 1201 formitem.

495 1295 546 1362 M.
557 1297 597 1364 Τ.
613 1297 779 1363 CICERO
815 1299 940 1364 TITIO
963 1303 997 1366 S.
1011 1302 1056 1367 D.

232 1565 236 1572 ¹
249 1429 385 1548 ETSI
408 1497 488 1542 unus
502 1498 540 1540 ex
556 1476 701 1540 omnibus
717 1476 844 1542 minime
859 1498 930 1540 sum
945 1476 984 1541 sd
1007 1486 1039 1541 te
1061 1478 1292 1546 consolandum

243 1596 510 1675 acommodatum
536 1594 621 1680 qubd
645 1604 769 1660 tontum
795 1617 835 1658 ex
860 1593 924 1658 tuis
951 1592 1105 1660 molestiis
1133 1597 1202 1682 cepi
1230 1597 1291 1662 do-

245 1709 332 1788 loris,
349 1718 388 1774 ut
404 1707 619 1772 consolatione
638 1706 705 1791 ipse
726 1727 850 1790 egerem
861 1731 872 1786 3
903 1715 1008 1770 tamen
1029 1710 1101 1772 eum
1126 1704 1252 1794 lougius
1272 1714 1294 1777 b

244 1820 360 1884 summi
384 1822 489 1882 luctus
515 1819 685 1885 acerbitate
708 1803 800 1880 meus
823 1817 946 1881 abesset
971 1816 1063 1882 dolor
1088 1809 1186 1902 onim
1204 1831 1292 1900 tuus,

243 1927 341 1992 stetui
357 1938 473 1994 nostrae
487 1926 727 1992 necessitudinis
743 1949 823 2007 esse,
838 1949 978 2011 meroque
993 1927 1024 1992 in
1042 1937 1082 1992 te
1095 1931 1290 1997 benevolen-

244 2039 309 2118 tio,
335 2061 399 2104 uon
419 2048 521 2103 tacere
544 2046 634 2101 tento
659 2038 691 2100 in
712 2047 770 2100 tuo
792 2057 930 2102 moerore
952 2037 1090 2118 tamdiu3
1126 2038 1184 2102 sed
1202 2037 1292 2102 adbi-

242 2151 316 2214 bere
331 2150 466 2234 aliquam
486 2148 641 2212 modicam
657 2147 1004 2233 consolationemque
1020 2150 1124 2212 levore
1137 2141 1290 2215 'dolorem

243 2267 333 2322 tuum
349 2267 470 2342 posset,
484 2257 511 2320 si
526 2257 634 2356 minus
647 2277 753 2321 sanare
767 2257 935 2342 potuisset.

284 2465 347 2530 Est
367 2474 471 2531 eutem
494 2465 671 2530 consolatio
701 2467 884 2550 pervulgata
910 2464 1036 2550 quidem
1058 2465 1114 2560 illa
1137 2467 1283 2550 monime,

243 2596 337 2662 quom
351 2587 475 2658 semper
489 2574 520 2638 in
536 2595 589 2638 ore
602 2583 697 2660 atque
713 2576 745 2638 in
768 2577 872 2639 animo
886 2575 999 2639 habere
1012 2575 1185 2642 debemus:
1209 2580 1288 2644 Ho-

242 2685 342 2748 mines
358 2703 416 2746 nos
431 2693 469 2746 ut
483 2703 552 2746 esse
568 2683 812 2763 meminerimus,
829 2690 865 2748 eu
877 2686 948 2768 lege
963 2695 1066 2763 natos,
1081 2697 1119 2750 ut
1134 2686 1284 2754 omnibus

241 2794 315 2858 tetis
327 2795 464 2858 fortunae
479 2795 643 2878 proposito
658 2795 699 2858 sit
714 2795 777 2860 vite
791 2803 919 2876 nostra3
935 2817 1038 2880 neque
1053 2818 1122 2860 esse
1137 2817 1281 2864 recusau-

240 2903 329 2984 dum,
355 2925 420 2990 quo
435 2904 539 2968 minus
554 2910 602 2985 ed,
625 2911 687 2990 qud
701 2906 767 2970 nati
783 2927 904 2983 sumus,
919 2905 1103 2970 conditione
1119 2903 1282 2988 vivemus3

241 3027 401 3080 neretum
419 3015 556 3102 graviter
577 3039 631 3080 eos
654 3039 744 3080 casus
766 3018 913 3093 seramus,
934 3037 1015 3101 quos
1038 3018 1130 3080 nullo
1152 3015 1285 3080 consilio

239 3126 337 3191 vitare
350 3125 522 3213 possimus.
565 3125 760 3210 Eventisque
775 3125 907 3191 aliorum
928 3127 1079 3192 memorii
1094 3126 1282 3212 repetendis,

241 3235 320 3300 nibil
334 3235 483 3302 eccidisse
498 3237 589 3301 nobis
605 3235 678 3300 novi
691 3235 879 3320 cogitemus.

281 3443 396 3526 Neque
411 3444 461 3508 hee
475 3465 577 3530 neque
592 3425 972 3526 caeteraeeonsolotiones,
995 3467 1065 3532 quae
1090 3457 1167 3510 sunt
1192 3449 1210 3510 d
1230 3467 1280 3511 so·

237 3550 441 3640 pientissimis
456 3553 528 3617 viris
545 3562 715 3637 usurpate,
730 3554 953 3639 memoriaeque
968 3564 1000 3619 et
1015 3556 1116 3619 literis
1131 3557 1279 3641 proditu,¹

239 3671 359 3730 tautum
376 3659 519 3726 videntur
532 3661 683 3746 proficere
699 3663 821 3742 debere,
837 3674 990 3748 quantum
1006 3675 1106 3730 status
1121 3667 1189 3754 ipse
1203 3690 1277 3731 nos-

106 3763 110 3772 *
172 3783 177 3796 '
237 3785 296 3840 trie
318 3771 463 3848 civitatis,
487 3780 520 3834 et
546 3773 613 3836 haec
643 3773 838 3858 perturbatio
862 3783 1039 3858 temporum
1063 3776 1256 3859 perditorum
1268 3805 1279 3858 3

236 3887 309 3948 curn
338 3881 509 3948 beatissimi
534 3881 597 3946 sint
624 3884 678 3968 qui
704 3884 820 3947 liberos
844 3905 908 3948 non
934 3895 1155 3970 susceperunt,
1177 3886 1281 3976 minbs

155 4005 159 4014 '
234 4005 343 4057 eutem
358 3992 472 4074 miseri,
489 3991 543 4080 qui
566 3992 613 4058 his
629 3994 822 4080 temporibus
838 3994 1022 4078 amiserunt,
1047 3999 1140 4082 quim
1163 3996 1189 4060 si
1212 4019 1280 4062 eos-
