2932 4700
539 283 795 386 ‚crouuoun
1141 313 1191 394 a]

146 486 263 574 gloria
289 487 413 567 servire,
441 487 518 551 alios
542 488 705 571 pecuniaet
735 507 821 552 raros
843 507 910 550 esse
935 486 1097 572 quosdam,
1128 486 1194 576 qui,

148 598 275 662 caeteris
298 597 445 662 omnibus
471 619 529 682 pro
551 597 651 662 nihilo
675 597 800 678 habitis,
831 620 933 665 rerum
960 609 1100 663 naturam
1124 610 1196 664 stu·

148 709 240 775 diesi
267 709 484 773 intuerentur:
512 707 569 770 hos
595 730 629 776 se
654 703 811 794 appellare
839 707 1000 792 sapientiae
1026 707 1195 787 studiosos,

149 821 187 882 id
210 829 258 884 est
278 807 376 900 enim,
390 803 597 903 Philosophus
608 825 619 881 ι’
642 828 674 882 et
688 828 726 882 ιιι
741 817 806 882 illic
828 816 1081 883 liberalissimum
1102 827 1196 895 esset,
1240 891 1244 902 ,

153 940 307 1014 spectare,
323 927 402 994 nihil
416 927 476 994 sibi
497 928 709 1014 acquirentem
722 952 732 1008 3
758 926 802 992 sic
817 927 849 992 in
863 927 927 991 vite
941 928 1036 1010 longe
1052 927 1198 989 omnihus

150 1039 264 1104 studiis
279 1026 581 1123 contemplationem
597 1058 699 1102 rerum
714 1037 988 1124 cognitionemque
1004 1045 1164 1122 praestare.

151 1231 279 1324 Nee
278 1249 351 1313 verb
342 1229 558 1334 Pythagoras
572 1239 707 1313 nominis
723 1247 852 1312 solhm
844 1243 999 1330 inventor,
1014 1244 1070 1320 sed
1093 1269 1198 1351 rerum

148 1357 247 1424 etiam
276 1355 414 1449 ipsarum
443 1354 739 1452 amplificatort
678 1354 759 1420 fuit.
804 1354 881 1434 Qui,
911 1359 984 1419 cum
1013 1365 1085 1439 post
1073 1359 1198 1422 thunc

148 1465 324 1532 Phliasium
351 1489 539 1546 sermonem,
564 1462 598 1529 in
605 1465 744 1530 Italiam
770 1465 919 1560 venisset,
937 1467 1105 1531 exornavit
1131 1465 1200 1532 ea'm

149 1565 322 1678 Grieciiim,
339 1601 409 1663 quae
436 1559 554 1672 Magna
579 1575 664 1640 dicta
688 1584 748 1655 est,
774 1584 808 1639 et
832 1553 978 1688 privatim
1005 1583 1039 1638 et
1063 1569 1201 1659 publici,

146 1687 420 1770 praestantissimis
433 1698 465 1752 et
479 1675 631 1772 institutis
645 1697 677 1752 et
692 1677 835 1752 artibus.
858 1686 968 1773 Cujus
984 1687 1021 1750 de
1036 1682 1200 1792 disciplina

148 1798 236 1861 aliud
252 1785 379 1902 tempus
393 1791 489 1866 fuerit
504 1803 635 1884 fortasse
650 1794 782 1872 dicendi.
827 1797 889 1862 Sed
904 1798 1008 1864 abt
953 1821 992 1862 an
995 1797 1082 1884 tiqub
1095 1795 1200 1882 philo-

146 1910 261 1996 sophia
286 1933 392 2004 usque
419 1909 459 1975 'ad
487 1912 649 1974 Socratem
679 1907 746 2006 (qui
773 1905 973 1988 Archelaum,
1001 1907 1196 1992 Anaxagorae

147 2012 354 2108 discipulum,
381 2021 518 2086 audierat
505 2019 543 2102 t,)
568 2017 691 2086 numeri
714 2025 884 2106 motusque
914 2019 1087 2082 tractabant
1074 2027 1136 2096 tur,
1166 2027 1201 2080 et

145 2129 233 2193 unde
257 2130 362 2194 omnia
385 2130 552 2209 orirentur,
578 2129 680 2216 qubve
706 2120 907 2195 recederent
930 2106 1136 2212 studioseque
1158 2127 1200 2189 ab

145 2239 199 2302 his
212 2238 350 2305 siderum
374 2237 616 2324 magnitudines,
637 2225 810 2325 intervalla,
825 2259 934 2330 cursus
951 2234 1199 2324 inquirebantur,

145 2357 183 2412 et
197 2357 313 2443 cuncta
327 2348 480 2416 coelestia.
524 2349 671 2412 Socrates
695 2331 802 2411 autein
822 2347 941 2431 primus
967 2345 1199 2460 philosophiam

144 2437 351 2524 devocavit
338 2483 356 2522 e
383 2459 478 2538 coele,
494 2467 527 2520 et
552 2457 586 2555 in
612 2456 739 2520 urbibus
768 2457 946 2540 collocavit,
974 2467 1006 2520 et
1032 2451 1064 2522 in
1089 2439 1201 2520 doinus

144 2569 242 2635 etiam
269 2568 317 2633 int
304 2567 455 2646 ιιοιιιιιιίι,
431 2575 503 2630 tet
532 2563 637 2664 eoe'git
664 2565 702 2630 de
721 2566 791 2632 vita
815 2575 847 2631 et
874 2543 1028 2679 mopihus,
1045 2547 1201 2680 rebusque

147 2677 242 2786 bonis
259 2687 292 2798 et
306 2673 406 2796 malis,
422 2668 572 2788 quaerere.

191 2885 292 2975 Cujus
308 2889 476 2973 multiplex
499 2886 583 2950 ratio
597 2886 787 2975 disputandi,
804 2889 969 2975 rerumque
997 2891 1141 2980 varietas,
1162 2901 1194 2955 et

148 2989 270 3084 ingenii
285 2991 481 3082 maguitudO,
497 2995 637 3063 Platonis
662 2999 814 3082 memorill
829 2991 862 3065 et
872 2981 985 3068 'literis
1009 3004 1201 3124 consecratp,

144 3110 237 3198 plura
250 3131 366 3214 genera
380 3109 483 3173 effecit
498 3107 750 3174 dissentientium
765 3105 1040 3196 philosophorum
1084 3109 1143 3172 E
1130 3103 1201 3194 qui·

142 3221 247 3284 bus''
232 3243 290 3284 nos
316 3213 348 3282 id
374 3216 573 3304 potissimhm
601 3219 775 3283 consectati
802 3223 925 3298 sunaus,
955 3239 1019 3304 quo
1031 3215 1202 3282 Socratem

148 3311 241 3393 usurh
272 3315 468 3408 arbitramur,
484 3335 521 3390 ut
547 3337 696 3423 nostram
714 3319 781 3413 ipsi
799 3319 925 3392 sentent
928 3328 988 3390 iam
1016 3333 1202 3428 tegeremus,

143 3427 253 3505 eirore
269 3439 347 3502 alios
374 3433 560 3518 levaremus,
577 3436 656 3502 tm
674 3437 770 3550 ιιιιιιιι
761 3419 1012 3562 disputatione,
1029 3421 1121 3568 quid
1120 3449 1203 3503 esset

144 3547 434 3668 simillimumveri,
451 3553 711 3684 quaereremus
717 3549 721 3557 '
1168 3548 1193 3564 ”¹
