2852 4714
259 273 327 342 ωε
675 263 729 332 Ee
749 259 882 332 Livio.

259 445 364 512 fuerit.
388 439 611 514 'Quantalibet
624 435 808 524 magnitudo
819 433 956 502 hominis
967 429 1163 520 concipiatur
1175 426 1303 516 animo,

259 553 354 618 mlius
381 561 486 618 tamen
512 573 549 616 ea
571 548 754 634 magnitudo
777 545 911 636 hominis
934 545 1005 632 erit,
1028 547 1163 615 collecte
1186 549 1307 633 paullo

257 664 330 748 plus
354 662 464 730 decem
487 681 638 724 annorum
662 657 834 722 felicitatcr
863 677 956 744 quam
982 657 1038 742 qui
1061 679 1101 723 eo
1125 659 1307 738 emolliant,

259 773 345 858 quod
367 773 506 859 populus
532 770 706 848 Romanus,
731 767 793 832 etsi
818 767 909 832 nullo
934 768 1031 847 bello,
1055 767 1174 831 multis·
1187 777 1308 834 tamen

259 881 376 970 preliis
401 881 503 946 victus
529 879 582 960 sit,
597 877 775 946 Alexandro
797 879 914 944 nullius
937 899 1053 964 pugnae
1079 867 1144 944 non
1157 881 1308 946 secunda

259 995 386 1071 fortuna
409 991 524 1072 fuerit3
545 1011 610 1056 non
634 989 828 1074 intelligunt,
844 1010 878 1054 se
903 987 1040 1054 hominis
1055 1009 1105 1054 res
1129 999 1250 1073 gestos,
1264 1000 1305 1054 et

259 1101 328 1190 ejus
350 1101 487 1190 juvenis,
510 1123 583 1166 eum
605 1099 717 1186 populi
736 1097 805 1186 jam
826 1098 1124 1192 octingentesimum
1147 1091 1303 1168 bellantis

246 1233 375 1279 *annum
390 1211 481 1276 rebus
496 1211 649 1278 conterre.

301 1420 469 1500 Miremur,
484 1422 521 1500 si,
537 1443 633 1507 quum
649 1443 689 1486 ex
703 1423 761 1489 hdc
773 1429 862 1508 parte
886 1423 992 1487 secula
1009 1425 1099 1507 plura
1112 1434 1301 1490 numerent-

163 1533 165 1540 ‘
257 1553 306 1612 ur,
321 1533 416 1618 quim
430 1553 470 1596 ex
491 1528 545 1596 illl
559 1532 644 1611 unni,
659 1532 731 1616 plns
754 1529 787 1595 in
810 1541 875 1596 tam
899 1533 997 1617 longo
1022 1533 1135 1625 spatio,
1151 1537 1247 1622 quim
1263 1533 1300 1600 in

259 1652 353 1707 aetate
375 1642 523 1708 tredecim
538 1663 701 1721 annorum,
725 1644 852 1706 fortuna
866 1643 1052 1709 variaverit?
1077 1642 1162 1713 Quin
1173 1654 1220 1720 tu
1235 1645 1302 1710 ho·

261 1755 355 1818 minis
370 1776 442 1818 eum
457 1753 598 1834 homine,
613 1763 646 1818 et
667 1753 756 1822 ducis
770 1776 843 1818 curn
866 1754 954 1834 duce,
969 1755 1128 1820 inmunem
1141 1779 1212 1822 cum
1226 1738 1301 1822 for·

259 1868 336 1930 mna
362 1866 496 1932 confere.
549 1863 639 1936 Quor
668 1863 827 1930 Romanos
857 1864 951 1964 duces
980 1863 1153 1945 nominem,
1180 1866 1303 1954 quibus

259 1995 419 2061 nunquam
435 1975 561 2038 adversa
583 1977 710 2040 fortuna
731 1997 849 2062 pugnae
864 1975 951 2040 fuit?
976 1975 1108 2062 Paginas
1122 1977 1154 2040 in
1175 1979 1303 2043 annali-

258 2087 318 2148 bus
344 2084 595 2168 magistratuum,
620 2085 784 2172 fastisque,
799 2106 979 2170 percurrere
1006 2087 1091 2168 licet,
1118 2090 1301 2170 consulum,

258 2195 522 2281 dictatorumque,
538 2217 672 2280 quorum
694 2219 752 2261 nec
774 2195 899 2280 virtutis
924 2219 983 2262 nee
1005 2201 1144 2264 fortuma
1158 2201 1223 2264 ullo
1244 2200 1301 2265 die

260 2306 416 2388 populum
436 2304 614 2370 Romanum
635 2306 799 2392 poenituit.
841 2307 897 2388 Et,
913 2331 976 2394 quo
997 2307 1061 2400 sint
1082 2310 1302 2392 mirabiliores,

258 2419 353 2502 quum
366 2417 553 2497 Alexander,
562 2427 620 2482 aut
635 2418 800 2504 quisquam
815 2441 889 2499 rex3
913 2419 1010 2484 denos
1026 2421 1215 2508 vicenosque
1230 2421 1302 2487 dies

258 2526 385 2614 quidum
408 2528 606 2608 dictaturam,
630 2550 725 2592 nemo
749 2531 822 2614 plus
838 2532 931 2615 quim
956 2551 1073 2595 annum
1095 2534 1302 2596 consulatum

259 2636 377 2719 gessit:
410 2639 449 2701 ab
475 2636 608 2702 tribunis
632 2638 732 2721 plebis
756 2638 897 2704 delectus
923 2640 1066 2726 impediti
1093 2652 1188 2706 sunt:
1222 2655 1304 2728 post

260 2755 385 2829 ternpus
407 2746 446 2809 ad
467 2749 549 2810 bello
568 2746 695 2830 ierunt3
724 2759 799 2814 ante
820 2760 958 2835 tempus,
981 2752 1181 2818 comitiomm
1202 2760 1305 2820 eausd

258 2855 396 2920 revocati
409 2867 502 2922 sunt:
525 2857 557 2924 in
580 2859 650 2946 ipso
664 2870 782 2926 conatu
804 2882 907 2927 rerum
924 2862 1110 2950 circumegit
1124 2886 1158 2928 se
1173 2885 1277 2954 annus
1291 2891 1302 2932 ε

256 2970 393 3056 collegae
418 2991 506 3036 nunc
532 2972 702 3053 temeritas,
723 2995 808 3038 nunc
833 2973 979 3058 pravitas,
994 2971 1217 3068 impedimento
1240 2987 1305 3042 aut

258 3079 374 3146 damno
399 3082 479 3148 luite
510 3085 591 3148 male
617 3083 713 3166 gestis
740 3086 833 3148 rebus
860 3084 989 3150 alterius
1015 3105 1197 3150 successum
1224 3097 1301 3176 est:

259 3187 406 3274 tironem,
420 3204 476 3260 eut
491 3196 572 3258 mala
594 3192 760 3278 disciplina
781 3194 964 3258 institutum
979 3195 1151 3270 exercitum
1166 3216 1300 3282 accepe-

258 3310 343 3363 runt.
386 3303 441 3383 At,
457 3305 596 3384 hercule,
613 3322 714 3386 reges,
735 3325 798 3368 non
824 3303 912 3368 liberi
935 3305 1040 3368 soldm
1067 3305 1301 3392 impedimentis

259 3411 418 3494 omnibus,
431 3414 484 3477 sed
498 3413 617 3479 domini
632 3435 736 3478 rerum
752 3424 1003 3502 temporumque,
1017 3419 1143 3484 trahunt
1157 3420 1300 3487 consiliis

258 3529 384 3598 cuncta,
400 3543 464 3584 non
487 3533 671 3608 sequuntur.
715 3524 855 3589 invictus
878 3547 952 3610 ergo
966 3526 1144 3593 Alexander
1159 3551 1231 3596 cum
1247 3530 1301 3598 in-

259 3621 350 3696 victis
366 3629 496 3694 ducibus
520 3634 603 3696 bellu
616 3633 777 3716 gessisset,
793 3644 825 3698 et
840 3635 947 3700 eadem
962 3638 1098 3702 fortunae
1120 3639 1252 3724 pignora
1266 3643 1303 3708 in

258 3740 425 3808 discrimen
440 3739 613 3806 detulisset.
658 3743 728 3806 lmd
743 3743 838 3808 etiam
854 3767 892 3808 eo
907 3748 978 3832 plns
1002 3748 1133 3832 periculi
1147 3752 1301 3836 subisset,

258 3851 344 3940 quiid
370 3849 560 3916 Macedones
588 3875 686 3920 unum
711 3855 924 3922 Alexandrum
950 3859 1151 3944 habuissent3
1185 3864 1301 3930 multis
1415 3937 1416 3942 γ

259 3963 385 4028 casibus
407 3983 469 4046 non
492 3962 594 4030 solum
619 3963 804 4049 obnoxium,
825 3967 881 4034 sed
910 3968 1002 4036 etiam
1032 3971 1215 4040 offerentem
1243 3997 1301 4041 se:
