2914 4694
278 345 344 410 aas
641 339 908 407 uusronu
990 315 995 330 '

152 500 156 509 ¹
271 527 448 604 temporum
472 515 525 596 sit,
540 524 655 602 quanta
670 515 799 580 varietas
814 535 929 594 rerum,
945 514 1038 598 qubm
1054 510 1165 593 incerti
1191 512 1313 592 exitus,

269 629 364 713 quim
394 625 542 692 flexibiles
572 623 734 688 hominum
770 627 970 690 voluntates:
1005 623 1082 710 quid
1115 624 1311 703 insidiarum,

268 736 344 824 quid
371 734 514 800 vanitatis
543 732 575 796 in
605 733 692 812 vita,
709 757 772 798 non
802 735 913 798 dubito
941 729 1016 819 quin
1046 735 1178 820 cogites.
1231 737 1309 814 Sed,

266 850 376 914 amabo
390 855 433 925 te,
450 858 523 909 cura
537 853 570 907 et
591 845 695 927 cogita
708 843 795 908 'nibil
819 843 904 925 novi,
931 843 986 909 sed
1010 843 1089 908 lllud
1114 845 1195 909 idem
1221 844 1310 930 quod

264 957 354 1022 initio
369 955 496 1040 scripSi:
525 963 629 1019 tecum
646 955 774 1040 loquere
789 965 821 1019 et
836 965 868 1019 te
882 953 992 1019 adhibe
1012 957 1044 1020 in
1070 941 1256 1034 consillum,¹
1274 965 1308 1019 te

263 1064 348 1146 audi,
374 1063 431 1129 tibi
457 1063 647 1150 obtempera,
692 1065 793 1130 Alteri
820 1066 873 1151 qui
898 1066 1012 1130 melius
1040 1065 1110 1131 dare
1137 1067 1309 1132 consilium

139 1218 141 1230 .
261 1173 373 1260 possit,
389 1177 481 1262 quim
494 1183 540 1256 tu,
565 1197 628 1238 non
650 1176 740 1239 facile
768 1174 896 1239 inveniri
922 1185 1048 1260 potest3
1072 1173 1130 1239 tibi
1143 1155 1229 1239 verb¹
1242 1173 1308 1258 ipsi

262 1285 347 1348 certe
370 1305 464 1348 nemo
484 1283 598 1348 melius
618 1283 713 1348 dabit.
757 1283 814 1349 Dii
837 1284 1051 1350 immortales!
1077 1307 1133 1349 cur
1156 1307 1216 1369 ego
1239 1305 1309 1348 non

262 1392 371 1458 adsum
388 1395 433 1459 vel
451 1403 606 1478 spectator
621 1394 749 1461 laudum
765 1405 889 1464 tuarum
895 1422 906 1476 3
921 1399 982 1471 svel
994 1396 1160 1481 particeps,
1184 1397 1235 1460 vel
1251 1419 1308 1458 so-

261 1505 339 1584 cius,
355 1505 404 1568 vel
420 1505 561 1569 minister
580 1505 804 1571 consiliorum?
828 1507 900 1572 Jam
923 1508 982 1572 etsi
1007 1509 1068 1573 hoc
1092 1509 1220 1574 minime
1245 1508 1308 1599 tibi

260 1613 359 1694 deest,
385 1613 440 1677 sed
465 1624 569 1690 tamen
595 1616 730 1680 efficeret
755 1615 937 1701 magnitudo
961 1627 993 1681 et
1016 1619 1061 1682 vis
1087 1619 1201 1683 amoris
1228 1619 1309 1702 mei,

260 1725 391 1790 consilio
407 1735 438 1788 te
460 1733 497 1788 ut
515 1745 640 1812 possem
659 1723 780 1810 juvare.
825 1727 965 1792 Scribam
987 1727 1026 1792 nd
1046 1737 1079 1792 te
1100 1729 1308 1813 plura'alibs.

261 1834 371 1900 Paucis
387 1835 470 1898 enim
486 1835 594 1900 diebus
610 1857 692 1900 eram
717 1837 869 1901 missurus
890 1836 1080 1902 domesticos
1101 1838 1281 1901 tabellarios
1295 1865 1306 1920 3

260 1955 307 2024 ut,
323 1944 470 2030 quoniam
485 1951 558 2011 sane
580 1945 724 2025 feliciter,
740 1956 773 2010 et
792 1969 831 2010 ex
852 1951 922 2010 mea
942 1947 1108 2027 sententia,
1130 1950 1310 2032 rempubll-·

257 2075 326 2143 coru
340 2055 506 2138 gessimus,
518 2054 588 2116 unis
604 2053 702 2117 literis
718 2057 817 2119 totius
826 2057 951 2120 ‘estatis
970 2077 1019 2121 res
1034 2068 1138 2142 gestus
1153 2059 1191 2121 ad
1204 2037 1302 2122 sena·

257 2173 326 2229 turn
344 2163 584 2258 perscriberem.
625 2163 678 2228 De
694 2165 868 2230 sacerdotio
884 2176 940 2231 tuo
955 2177 1104 2254 quantam
1119 2187 1226 2233 curam
1245 2169 1305 2232 ud-

256 2269 421 2355 hibuerim,
446 2297 622 2362 quanquam
637 2275 757 2340 difficili
779 2277 811 2341 in
831 2297 864 2341 re
879 2286 974 2363 atque
995 2283 1303 2362 causascognosces

256 2407 296 2450 ex
320 2386 358 2450 iis
381 2369 490 2467 literis,
519 2409 595 2474 quas
615 2387 782 2466 ilirasoni,
806 2387 919 2456 liberto
942 2398 1009 2466 tuo,
1030 2387 1111 2450 dedi.
1168 2385 1227 2467 Te,
1253 2385 1304 2450 mi

260 2495 369 2578 Curio,
398 2519 455 2582 pro
484 2503 539 2560 tue
565 2497 737 2589 incredibili
768 2497 798 2560 in
828 2517 879 2561 me
906 2495 1137 2576 benevolentia,
1166 2501 1303 2582 medque

254 2608 331 2672 item
343 2606 375 2671 in
391 2615 422 2670 te
438 2604 598 2689 singulari,
621 2628 698 2689 rogo
713 2615 807 2691 atque
830 2627 898 2684 oro,
921 2629 961 2670 ne
987 2607 1104 2691 patiare
1126 2605 1301 2692 quidquam

254 2716 330 2804 mihi
344 2715 382 2782 ad
396 2695 476 2780 hanc
501 2716 723 2802 provincialem
748 2717 926 2782 molestiam
949 2716 1099 2802 temporis
1123 2717 1298 2801 prorogari.

255 2827 397 2894 Praesens
414 2837 517 2890 tecum
534 2827 595 2910 egi,
611 2829 683 2892 crim
697 2837 734 2892 *te
749 2829 911 2892 tribunum
933 2827 1037 2912 plebis
1052 2829 1114 2892 isto
1128 2849 1212 2892 anno
1228 2831 1299 2892 fore

253 2961 318 3004 non
339 2947 502 3024 putarem:
526 2931 674 3024 itemque
688 2939 788 3024 petivi
803 2939 917 3024 saepiirs
940 2959 995 3024 per
1010 2939 1132 3004 literasr
1156 2937 1295 3002 sedtum
1311 2959 1314 2964 ·

254 3049 342 3136 quasi
367 3052 386 3112 b
411 3059 552 3114 senatore
576 3049 782 3128 nobilissimo,
798 3059 866 3114 tum
881 3049 1080 3114 adolescente
1102 3045 1305 3131 gratissimi-3

253 3183 326 3242 mo;
348 3163 468 3226 nuncb
491 3161 617 3224 tribuno
641 3160 752 3244 plebis,
769 3169 802 3222 et
825 3159 996 3224 bCurione
1011 3158 1156 3225 tribunos
1178 3177 1244 3222 non
1258 3165 1296 3219 ut

253 3263 436 3336 decernatur
450 3269 570 3356 aliquid
585 3269 668 3348 nori,
685 3270 770 3354 quod
794 3271 887 3334 solet
899 3291 967 3332 esse
988 3265 1164 3346 difficilius3
1186 3265 1243 3330 sed
1257 3275 1295 3330 ut

253 3379 383 3464 nequid
405 3380 480 3444 novi
494 3381 676 3445 decernatur
685 3406 695 3461 ;
719 3391 750 3444 et
766 3373 1143 3446 ut‘senattls-consultiun
1158 3385 1190 3440 et
1206 3379 1294 3460 leges
1312 3425 1316 3430 -

251 3485 417 3554 delendas:
441 3477 538 3574 eaque
553 3489 629 3552 mihi
644 3489 785 3557 conditio
800 3497 933 3570 maneat,
950 3494 1013 3575 qud
1026 3491 1186 3574 proiectus
1208 3506 1291 3553 sum.

250 3601 325 3668 Hoc
341 3607 371 3662 tc
388 3599 585 3664 vehementer
600 3600 693 3666 etiarn
707 3611 802 3687 atque
817 3596 909 3666 etiam
924 3621 1011 3686 rogo.
1055 3599 1169 3666 Vela!
