2852 4714
512 325 790 400 rennuente.
1103 323 1184 409 w

129 498 198 579 nsi,
213 497 290 568 ritae
305 498 478 588 mortisque
490 501 629 570 humere
653 501 796 570 exitum:
818 501 874 588 qui
895 499 1062 569 sicivilcnr
1075 500 1180 589 digeri·

124 610 210 676 'tntis
235 611 460 698 concupissent
474 612 616 695 modum,
632 610 783 701 quidquid
803 613 1027 682 murimundo
1046 613 1180 704 adipisci

126 728 324 807 gestierunt,
338 722 450 810 quietis
466 723 635 792 obtulisset
648 720 835 812 respublica.

341 979 523 1078 iucunrus
545 991 575 1047 et
598 981 745 1048 Maurus.
794 983 835 1050 U.
851 985 886 1050 C.
899 983 991 1070 647..

178 1136 311 1208 Juvenis
338 1142 439 1210 adhuc
461 1142 632 1228 iugurtha,
655 1163 692 1208 ac
716 1140 855 1222 Marius,
877 1144 935 1208 sub
957 1137 1068 1210 eodem
1090 1147 1176 1214 Airi-
1266 1199 1271 1208 .

129 1273 214 1318 cano
240 1252 422 1334 militantes,
438 1253 471 1318 in
496 1253 605 1321 iisdem
626 1254 736 1320 castris
757 1253 904 1338 didicere,
923 1277 997 1340 qum
1019 1265 1131 1344 postes
1144 1257 1178 1326 in

129 1363 466 1468 contrariisfaeerent.

175 1551 303 1618 Bellum
327 1551 439 1618 deinde
461 1550 693 1636 iugurthinum
716 1561 842 1635 gestum
857 1561 907 1614 est
926 1571 984 1636 per
998 1551 1040 1626 Q.
1056 1551 1175 1623 Metei-

122 1661 211 1744 lum,
232 1662 315 1728 nulli
338 1663 512 1728 secundum
535 1663 643 1729 saeculi
669 1663 730 1729 sui.
775 1661 885 1752 Hujus
911 1665 1035 1748 legatus
1058 1663 1120 1728 fuit
1136 1663 1174 1732 G.

124 1770 265 1856 Marius,
281 1795 375 1859 quern
397 1773 611 1861 praediximus,
625 1784 718 1842 natus
734 1773 872 1864 equestri
898 1779 982 1857 loco,
996 1775 1097 1842 hirtus
1123 1785 1172 1842 ut-

127 1905 194 1970 que
223 1882 381 1966 horridus,
408 1885 535 1971 uittque
559 1894 708 1966 sanctus3
732 1895 884 1972 quantum
910 1887 997 1953 bello
1022 1886 1175 1974 optimus,

128 2004 257 2060 tantum
270 2016 347 2082 pace
362 1995 538 2082 pessimum
562 1995 749 2062 immodicus
763 1995 886 2082 gloriae,
902 1993 1099 2080 insatiabilis,
1112 1997 1174 2068 im·

126 2115 258 2194 potens,
274 2129 460 2196 semperque
482 2107 653 2200 inquietus.
698 2107 775 2186 Hic,
799 2127 856 2196 per
878 2105 1065 2192 publicanos
1079 2105 1175 2174 alios-

127 2238 193 2306 que
217 2217 250 2282 in
266 2217 374 2286 Africa
395 2209 605 2304 negotiantes,
620 2216 799 2284 criminatus
819 2215 937 2282 Metelli
956 2217 1175 2302 lentitudinem,

124 2327 279 2394 traducatis
290 2325 362 2414 ¹ictuc
377 2327 409 2394 iu
435 2328 554 2392 tertium
575 2349 688 2394 cauum
702 2327 822 2406 bellent,
835 2335 865 2390 et
884 2328 1055 2395 naturalem
1068 2327 1176 2394 notiti-

125 2440 206 2506 tatic
218 2439 401 2524 supertiam,
415 2438 611 2524 uwrcudique
629 2438 661 2502 iu
684 2436 815 2520 imperiis
837 2435 1044 2520 cupiditatem,
1058 2435 1175 2518 effecit,

128 2560 171 2616 ut
185 2553 259 2620 cirm
284 2560 463 2618 commeatu
485 2547 735 2640 petitoBumam
751 2547 900 2628 venisset,
914 2545 991 2616 (ios.
1007 2555 1175 2628 crearetur,

127 2661 273 2746 bellique
298 2666 380 2748 pene
403 2662 518 2747 patrati
539 2665 558 2726 i
582 2661 729 2742 Metello,
743 2658 797 2746 qui
822 2657 870 2728 bis
895 2657 1088 2744 Jugurtbum
1110 2655 1176 2725 acie

125 2770 265 2850 fuderat,
282 2781 405 2838 summa
419 2770 671 2840 committeretur
687 2771 757 2840 sibi.
803 2769 933 2840 Metelli
949 2781 1055 2838 tamen
1069 2779 1105 2836 et
1119 2767 1174 2839 tri-

125 2881 269 2968 umphus
293 2881 355 2946 init
381 2881 590 2962 clarissimus,
611 2891 644 2946 et
669 2880 840 2964 meritum3
863 2881 1036 2968 virtutique
1056 2899 1174 2966 cogno·
1301 2877 1303 2886 '

127 3013 212 3062 uren
225 2991 378 3060 Numidici
392 2991 538 3060 inditum.

369 3253 418 3320 Μ.
433 3253 551 3320 Lrvrus
566 3251 715 3318 Drusus.
760 3253 804 3318 U.
818 3252 852 3318 C.
866 3249 942 3316 660.
992 3279 995 3287 ¹

171 3438 310 3518 Deinde,
338 3435 512 3526 interjectis
539 3436 646 3522 paucis
675 3437 776 3518 annis,
807 3435 1002 3504 tribunatum
1030 3435 1103 3504 iniit
1126 3435 1176 3502 M.

127 3548 241 3618 Livius
255 3549 395 3627 Drusus,
410 3543 456 3614 vir
479 3544 711 3627 nobilissimus,
736 3543 1022 3632 eloquentissimus,
1044 3546 1177 3640 sanctis·

129 3658 250 3740 simus3
274 3655 404 3726 meliore
417 3655 450 3720 in
465 3653 571 3722 omnia
584 3654 713 3742 ingenio
735 3654 916 3749 animoque,
929 3659 1024 3742 quim
1039 3658 1179 3737 fortuni,

129 3793 220 3836 usus.
264 3759 341 3848 Qut,
356 3769 429 3833 cim
444 3765 567 3832 senatui
589 3766 729 3851 priscum
747 3763 915 3856 restituere
927 3773 1058 3852 cuperet
1071 3763 1179 3846 decus,

128 3892 163 3950 ct
173 3880 294 3967 judicia
306 3881 347 3944 ab
360 3877 517 3966 equitibus
531 3878 572 3942 ad
586 3898 660 3944 eum
677 3879 844 3946 transferre
860 3875 1022 3956 'ordinemt
1047 3873 1178 3974 (quippe
1208 3895 1211 3900 ·
1239 3928 1242 3932 .

129 4011 202 4060 cam
216 3999 410 4079 potestatem
435 3990 519 4056 nacti
544 3989 665 4078 equites
681 3990 874 4058 Gracchanis
899 3989 1032 4078 legibus,
1047 3988 1122 4082 curu
1147 3984 1180 4054 in

274 4109 275 4112 ’
607 4099 640 4162 Μ
654 4121 681 4164 ιιι
695 4105 716 4162 2
