2852 4714
257 279 326 384 aps
630 277 971 370 murmano

266 453 341 532 clari
364 453 502 523 nominis
526 453 595 536 viri,
616 465 745 522 auctore
768 463 890 536 senatu,
912 454 1006 542 jussu
1029 453 1105 519 Cos.
1127 453 1163 518 iu
1181 467 1320 518 careum

265 566 369 634 necati
384 579 472 634 sunt.

284 852 289 863 Ι
309 775 617 858 lllesenatllsdies,
639 796 705 866 quo
723 776 796 860 lime
818 785 889 842 acta
910 785 996 858 sunt,
1010 774 1162 842 virtulem
1175 773 1228 842 M.
1243 775 1318 842 ea-

269 874 363 980 tpnis,
384 885 451 974 jam
478 887 587 952 multis
612 887 646 952 in
671 889 765 952 rebus
790 889 992 974 conspicuam
1016 899 1111 974 atque
1135 887 1317 974 preniten-

269 991 345 1082 lem,
369 997 521 1064 altissime
548 997 746 1064 illuminavit.
790 999 856 1069 Hic
883 998 1011 1084 genitus
1031 1019 1148 1085 proavo
1172 997 1222 1062 M.
1245 997 1315 1062 es-

268 1117 355 1196 tone,
369 1107 510 1194 principe
526 1107 718 1172 illoiamiliae
734 1081 866 1190 Porciie,
881 1110 978 1174 lromo
992 1109 1102 1176 virtuti
1112 1108 1314 1186 simillimus,

271 1227 302 1284 ct
324 1239 381 1304 per
402 1215 508 1283 omnia
531 1215 655 1304 ingenio
678 1217 737 1282 diis
760 1221 853 1306 quim
878 1218 1058 1284 hominibus
1080 1217 1231 1304 propior;
1254 1219 1315 1304 qui
1405 1199 1406 1222 ¹

272 1351 445 1416 numquam
467 1335 552 1394 recte
577 1329 664 1409 iecit,
687 1339 722 1393 ut
741 1311 846 1393 'facere
867 1329 1031 1408 videretur,
1055 1327 1109 1392 sed
1131 1326 1207 1414 quio
1220 1328 1316 1394 aliter

271 1438 373 1508 iacere
394 1461 460 1504 non
481 1449 627 1524 poterat3
652 1438 767 1526 cuique
782 1438 812 1503 id
834 1441 937 1506 solum
960 1441 1062 1504 visum
1085 1443 1134 1505 est
1156 1433 1312 1506 rationem

272 1551 398 1630 habere,
425 1547 511 1636 quod
535 1548 664 1612 haberet
681 1547 861 1634 justitinm3
892 1549 1037 1613 omnibus
1059 1549 1205 1614 humanis
1226 1551 1313 1615 vitiis
1406 1623 1407 1626 Ἴ

274 1645 434 1746 immunis,
457 1667 582 1743 semper
601 1662 759 1725 fortunam
780 1660 811 1725 in
827 1665 885 1725 sud
908 1671 1066 1746 potestate
1080 1661 1203 1728 habuit.
1247 1663 1315 1729 Hic

275 1771 347 1864 trib.
372 1771 457 1856 pleb.
483 1769 675 1866 designatus,
701 1771 802 1835 adhuc
824 1771 991 1835 admodum
1017 1771 1213 1854 adolescens,
1241 1763 1314 1839 edm

274 1880 326 1946 alii
342 1877 518 1960 suaderent,
535 1890 571 1944 ut
584 1902 641 1966 per
655 1880 992 1968 municipiaLentulus
1008 1882 1227 1971 conjunctique
1242 1907 1314 1951 cos-

274 1993 461 2082 todirentur,
490 1998 571 2076 pene
602 1988 684 2056 inter
712 1993 843 2056 ultimos
872 1993 1082 2080 interrogatus
1113 1975 1334 2077 sententiam,

275 2110 363 2188 tanta
379 2103 408 2165 vi
423 2103 520 2189 animi
532 2112 627 2188 atque
641 2103 760 2188 ingenii
772 2103 914 2168 invectus
929 2113 978 2168 est
1000 2106 1032 2168 in
1052 2097 1313 2192 conjurationem,

276 2209 316 2280 oo
330 2215 438 2280 ardore
461 2213 522 2278 oris
546 2213 729 2278 orationem
742 2213 895 2298 omnium,
918 2205 1081 2279 lenitatem
1103 2207 1314 2296 suadentium,

279 2321 431 2390 socictate
447 2323 570 2392 consilii
584 2336 762 2412 suspectam
778 2328 875 2409 iecit}
891 2327 937 2390 sic
946 2328 1160 2413 impendentia
1171 2351 1211 2393 en
1221 2319 1313 2394 ruinis

279 2435 491 2524 incendiisque
506 2436 591 2502 urbis
607 2448 639 2501 et
654 2439 901 2502 commutatione
917 2443 1019 2502 statlls
1035 2438 1156 2523 publici
1179 2429 1322 2524 pericula

263 2551 437 2634 exposuit,
465 2551 508 2614 ita
530 2549 670 2614 consulis
692 2550 841 2630 uirtutem
863 2549 1074 2636 amplificavit,
1098 2559 1133 2614 ut
1152 2549 1316 2614 universus
1408 2521 1409 2550 l

281 2641 455 2760 penatusin
476 2660 548 2746 ejus
562 2661 750 2726 sententiam
771 2660 927 2740 transiret,
947 2660 1317 2746 animadvertendumque

213 2822 214 2826 ,
281 2761 313 2834 in
330 2785 396 2852 eos,
420 2793 498 2858 quos
514 2773 729 2858 prediximus,
750 2783 912 2852 censeret3
937 2770 1098 2858 majorque
1114 2791 1188 2855 pars
1201 2769 1319 2834 ordinis

247 2929 252 2935 .
279 2865 349 2967 ejus
380 2881 532 2948 Catonern
558 2893 822 2970 prosequerentur
847 2881 987 2948 domum.
1029 2881 1075 2948 At
1095 2879 1232 2950 Catilina
1252 2899 1318 2944 non

282 2993 409 3078 segnius
433 3005 546 3060 conata
565 2996 658 3074 obiit,
681 2999 776 3080 quim
797 2993 921 3059 sceleris
937 2990 1070 3058 conandi
1092 2988 1226 3054 consilia
1239 2989 1319 3054 inle-

281 3087 350 3167 rat:
377 3107 493 3192 quippe
507 3105 677 3172 fortissime
698 3105 862 3185 dimicans,
882 3125 975 3192 quem
998 3100 1144 3193 spiritum
1166 3100 1323 3190 supplicia

282 3213 441 3302 debuerat,
456 3216 568 3308 praelio
582 3216 728 3288 reddidit.

557 3497 561 3506 “
692 3486 726 3552 C.
750 3482 919 3550 CAESAR.

282 3737 289 3751 ,
306 3669 466 3748 ¹¹Secutus
482 3667 591 3738 deinde
606 3679 659 3740 est
672 3671 865 3744 consulatus
878 3669 916 3735 C.
932 3667 1089 3734 Cessarise
1101 3668 1159 3753 qui
1173 3669 1327 3739 scribenti

281 3799 415 3870 ‚spanum
430 3775 545 3864 injicit,
560 3789 593 3844 et
613 3780 790 3864 ,quamlibet
810 3779 1027 3852 destinantem¹
1039 3779 1074 3845 io
1089 3801 1124 3844 sc
1134 3781 1254 3854 morari
1268 3803 1324 3849 ooo

284 3893 344 3978 git.
379 3890 453 3961 ¹llic
472 3888 677 3972 (nouissima
692 3891 852 3966 ,loliorum
876 3889 1001 3974 gurim
1021 3888 1155 3968 omitit,—
1169 3898 1214 3969 et,
1237 3891 1327 3976 quod

284 4002 366 4074 iuter
382 4025 491 4090 onmes
504 3998 741 4087 mtiquissimos
752 4001 931 4082 constabat,
943 4000 982 4065 ab
996 3996 1135 4070 Anchise
1149 4017 1186 4068 us
1197 3997 1326 4076 venen
