2914 4706
260 347 328 420 aus
594 294 955 420 molossum

263 523 378 592 Omnia
401 525 471 618 sine
490 525 598 606 dubio,
613 526 732 612 optime
755 535 930 611 parentum,
944 522 1103 590 assidente
1122 519 1311 590 amantissia

262 639 314 700 md
339 657 448 715 uxore,
464 637 643 722 superfuere
666 635 777 700 honori
800 645 876 700 tuor
898 635 1096 721 paucioribus
1121 645 1225 700 tomen
1251 639 1305 702 ia-

262 746 375 832 crymis
403 745 597 832 compositus
622 767 667 824 es,
684 755 716 810 et
738 745 911 811 novissimi
936 743 967 809 in
993 747 1063 810 luce
1086 746 1309 812 desideravere

209 871 221 894 '
259 857 375 945 aliquid
390 857 473 926 oculi
488 856 546 922 tui.

305 1067 340 1132 Si
356 1069 424 1154 quir
441 1067 565 1156 piorum
581 1068 721 1134 manibus
739 1065 848 1148 l'ocus3
872 1068 910 1148 si,
926 1077 963 1132 ut
976 1063 1168 1154 sapientibus
1182 1067 1303 1152 placet,

262 1197 327 1242 non
351 1197 422 1242 uum
447 1197 577 1262 corpore
602 1171 847 1262 exstinguuntur
874 1194 997 1263 magum
1019 1179 1157 1260 anime,
1180 1178 1306 1264 placide

263 1283 417 1372 quieaoaa,
444 1309 575 1374 nosque,
600 1287 729 1354 domum
755 1297 854 1370 tuam,
880 1290 919 1353 ab
946 1289 1069 1354 iniirmo
1090 1289 1255 1370 desiderio,
1270 1301 1308 1354 et

263 1397 466 1462 muliebribus
482 1399 636 1481 lamentis,
646 1399 686 1462 ad
700 1399 998 1484 contemplationem
1008 1400 1162 1468 virtutum
1177 1411 1306 1466 tuarum

262 1527 366 1588 voees,
380 1527 456 1593 quaa
472 1529 573 1594 neque
588 1507 699 1594 iugeri,
714 1529 815 1596 neque
830 1511 936 1597 plangi
949 1513 996 1576 ias
1012 1521 1077 1576 est:
1099 1511 1305 1576 admiratione

263 1629 295 1686 te
310 1621 415 1707 potius
430 1623 523 1705 quim
540 1621 760 1703 temporalibus
776 1621 928 1703 laudibus,
942 1633 975 1686 et
990 1622 1016 1686 si
1028 1633 1141 1688 natura
1156 1615 1305 1708 suppediss

263 1742 322 1812 tet,
336 1731 510 1796 imitatione
525 1733 721 1797 decoremus.
764 1733 796 1797 Ia
812 1753 903 1798 verus
918 1735 1031 1815 honos,
1047 1755 1083 1798 ea
1106 1733 1306 1820 conjunctis-

264 1841 336 1908 simi
350 1841 506 1928 cujusque
528 1844 640 1929 pietas
684 1843 724 1910 ld
736 1843 823 1910 lilim
835 1865 961 1931 quoque
970 1844 1128 1954 uxorique
1142 1865 1307 1930 praecepe-

263 1953 335 2033 rim,
351 1951 396 2018 sie
422 1955 532 2040 patris,
555 1956 602 2018 sie
625 1953 729 2020 mariti
754 1956 937 2022 memoriam
963 1947 1114 2035 venerari,
1137 1965 1174 2019 ut
1197 1955 1308 2018 omnia

266 2067 349 2130 iaetu
364 2065 549 2152 dietaque'
523 2087 591 2152 opus
606 2085 713 2129 secum
737 2069 908 2146 revolvant,
923 2069 1098 2151 famamque
1113 2087 1149 2130 ae
1172 2066 1305 2149 figuram

262 2169 368 2258 animi,
381 2179 485 2259 magis
500 2178 593 2261 qaam
610 2175 763 2261 eorporis,
773 2169 1035 2260 eonrploetantur.
1077 2175 1152 2240 Non
1170 2176 1306 2260 quiaill-

261 2281 482 2356 terued'endum
498 2297 607 2373 putem
624 2285 830 2370 imaginibus,¹
839 2305 912 2371 qua
926 2295 1150 2352 marmoreum
1164 2307 1233 2350 are.
1243 2285 1302 2350 fin-

263 2410 406 2484 gentum·
425 2399 479 2464 sed
495 2409 543 2493 up
555 2401 661 2468 vultus
689 2398 862 2479 hominum,
878 2398 922 2461 ila
942 2398 1110 2461 simulacra
1123 2399 1229 2461 vultus
1245 2397 1303 2460 im·

263 2511 377 2578 boella
391 2533 427 2580 ae
442 2511 586 2575 mortalia
601 2521 685 2588 sunt,
701 2508 928 2573 formamentis
944 2517 1078 2574 aetema·
1069 2557 1079 2588 ,
1104 2529 1196 2593 quam
1212 2515 1303 2572 tane·

263 2633 360 2688 teet
354 2623 556 2707 exprimere,
573 2629 637 2684 n'on
657 2635 718 2704 per
741 2621 870 2686 alienum
895 2620 1063 2683 materiam
1079 2629 1122 2682 et
1119 2628 1235 2699 arbem,
1250 2618 1304 2682 sed

266 2725 328 2797 tuis
342 2733 412 2816 ipse
427 2731 565 2794 moribus
581 2731 695 2816 possis.
734 2729 897 2815 Quidquid
910 2751 949 2792 ex
962 2728 1109 2812 Agricold
1121 2728 1304 2806 amavimus,

266 2841 427 2928 quidquid
432 2838 541 2905 mirati
566 2861 686 2918 sumus,
703 2852 827 2920 manat3
852 2858 1106 2922 mansurumque
1119 2845 1168 2900 es't
1189 2837 1221 2900 in
1238 2835 1305 2902 aui

214 2973 218 2980 ’
266 2955 325 3020 mis
341 2952 540 3031 lrominum,'
534 2975 565 3016 m
582 2952 738 3016 reternitnt
740 2975 756 3015 e
773 2963 962 3035 temporum,
977 2951 1060 3012 fama
1076 2970 1189 3014 rerum.
1220 2949 1303 3012 Nam

266 3067 383 3132 multos
398 3063 539 3128 velerum
555 3065 643 3126 uelut
659 3061 809 3145 inglorios
825 3071 857 3124 et
880 3061 1033 3142 ignobiles
1049 3058 1165 3124 oblivio
1180 3043 1304 3142 obruet,

266 3175 423 3264 Agricola,
440 3174 619 3260 posteritati
629 3184 768 3238 narretur
786 3180 817 3235 et
833 3171 974 3250 traditus,
990 3180 1147 3255 superstes
1162 3170 1233 3235 erit.
